2972 3773
1437 143 1499 191 10

241 278 439 321 Theseus
467 277 679 333 Oedipum
704 276 799 331 jam
827 276 1039 319 allocutus
1074 280 1160 331 est;
1197 277 1334 332 ipsius
1371 289 1473 319 vero
1511 288 1666 319 nomeu
1704 277 1749 318 in
1787 276 1967 331 apodosi
2003 276 2175 318 demum
2211 279 2367 333 posuit.
2451 281 2698 337 Cogitemus

242 351 376 407 igitur
400 350 613 393 Theseum
642 348 754 391 inter
781 347 1040 403 loquendum
1068 348 1214 392 statim
1243 349 1386 392 verbis
1414 346 1453 391 εἰ
1485 345 1526 391 δ’
1554 349 1612 392 ad
1639 348 1852 405 Oedipum
1881 361 1927 392 se
1957 349 2232 392 convertisse.

801 421 852 464 V.
881 421 965 464 658
1027 420 1239 464 πολλαὶ
1268 417 1312 462 δ’
1346 419 1590 465 ἀπειλαὶ
1618 422 1766 465 πολλὰ
1797 420 1851 477 δὴ
1880 419 2023 478 μάτην
2053 419 2140 479 ἔπη
2291 412 2296 415 ’

1027 495 1161 551 θυμῷ
1191 492 1649 552 κατηπείλησαν,
1678 490 1778 538 ἀλλ’
1810 490 1836 536 ὁ
1866 495 1967 544 νοῦς
1995 493 2102 536 ὅταν

1025 563 1165 610 αὑτοῦ
1195 565 1385 622 γένηται,
1415 568 1591 620 φροῦδα
1620 563 1948 622 τάπειλήματα.

357 639 483 683 Solus
517 639 568 689 is,
600 640 671 695 qui
701 654 785 683 non
816 639 999 696 ignorat,
1028 644 1132 694 quot
1161 645 1204 683 et
1232 654 1361 695 quam
1390 640 1603 683 absurdae
1632 639 1855 695 opiniones
1886 639 2139 694 saepissime
2160 640 2204 682 in
2225 640 2350 684 rebus
2371 643 2699 700 simplicissimis

245 726 273 755 a
302 712 461 755 criticis
492 712 765 768 excogitatae
795 713 893 768 sint,
923 713 1015 756 fieri
1045 712 1236 769 potuisse
1265 712 1489 768 intelliget,
1517 718 1563 755 ut
1590 718 1665 766 tot,
1693 717 1795 767 quot
1823 717 2006 767 exstant,
2036 711 2079 754 in
2110 711 2222 755 hunc
2249 713 2386 757 locum
2418 718 2701 772 pravissimae

242 786 515 841 conjecturae
555 786 940 842 promulgarentur.
1007 786 1104 829 Nisi
1141 786 1245 828 mihi
1281 785 1454 829 chartae
1486 786 1746 842 parcendum
1786 791 1922 841 esset,
1963 786 2166 829 lectorum
2194 785 2541 834 delectandorum
2569 806 2702 836 causa

243 871 392 902 omnes
432 859 583 902 horum
619 872 819 902 versuum
859 859 1063 902 lectiones
1102 859 1200 901 inde
1240 859 1295 901 ab
1324 859 1422 901 Aldi
1462 860 1724 915 temporibus
1763 860 2005 914 propositas
2036 859 2114 902 hoc
2146 859 2237 902 loco
2268 873 2546 906 recenserem.
2601 866 2696 909 Pro-

243 932 356 975 fecto
384 936 501 975 esset
530 946 664 988 opera
698 933 751 976 iis
781 946 864 975 non
894 932 1075 986 inutilis,
1113 945 1290 987 quorum
1321 932 1431 975 oculi
1461 933 1663 975 librorum
1692 946 1770 975 usu
1804 932 1864 975 ita
1893 933 2032 975 obtusi
2060 932 2363 987 doctrinaeque
2392 935 2608 992 farragine
2638 939 2700 983 sic

245 1004 441 1061 impediti
480 1011 600 1060 sunt,
643 1010 688 1048 ut
729 1005 1049 1061 simplicissima
1085 1018 1280 1059 quaeque
1320 1006 1389 1048 vel
1428 1011 1527 1048 ante
1568 1006 1685 1061 ipsos
1715 1006 1848 1061 pedes
1879 1007 2022 1061 posita
2051 1005 2196 1049 videre
2224 1013 2448 1061 nequeant.
2478 1034 2535 1041 —
2563 1012 2701 1056 Probe

246 1077 420 1133 quidem
447 1078 690 1122 Meinekius
720 1092 793 1122 eos
825 1079 940 1122 viros
969 1078 1117 1122 doctos
1148 1078 1354 1134 laudavit,
1386 1079 1457 1132 qui
1490 1080 1584 1121 illas
1614 1082 1822 1123 minantes
1857 1082 1994 1122 minas
2024 1079 2165 1123 mirati
2196 1079 2302 1134 sint,
2334 1081 2608 1128 nihilominus
2637 1091 2700 1130 ta-

245 1164 345 1195 men
371 1151 601 1195 falsissime
634 1149 966 1208 καιηπείλησαν
995 1151 1211 1206 glossema
1240 1151 1350 1194 alius
1380 1151 1499 1194 verbi
1527 1165 1561 1194 e.
1582 1164 1615 1194 c.
1638 1150 1987 1202 κατεξέηνευσαν
2016 1151 2174 1197 habuit.
2224 1153 2319 1196 Tali
2349 1158 2492 1198 autem
2521 1158 2702 1202 artificio

245 1238 419 1281 prorsus
450 1223 518 1268 hic
544 1239 628 1268 non
657 1238 766 1282 opus
796 1230 874 1270 est.
932 1225 1197 1277 Quaeramus
1227 1224 1392 1280 potius,
1431 1224 1533 1280 quid
1572 1224 1742 1268 omnino
1781 1224 1944 1280 aliquid
1983 1225 2135 1269 minari
2160 1226 2307 1282 possit.
2363 1227 2481 1272 Nihil
2512 1231 2702 1286 profecto

245 1303 417 1355 praeter
445 1298 639 1343 homines
669 1303 743 1342 aut
769 1299 912 1342 verba.
962 1299 1102 1352 Quum
1131 1298 1185 1342 de
1216 1298 1456 1342 hominibus
1486 1298 1565 1341 hoc
1600 1299 1693 1341 loco
1724 1311 1863 1341 sermo
1894 1312 1977 1342 non
2005 1298 2071 1355 sit,
2102 1300 2234 1343 verba
2263 1301 2426 1345 minata
2454 1315 2551 1348 esse
2572 1306 2702 1350 statui

244 1384 422 1415 necesse
451 1372 544 1415 erit.
611 1371 736 1424 Quod
766 1371 803 1414 si
833 1372 892 1414 ita
922 1377 1009 1428 est,
1050 1371 1215 1413 πηλλαὶ
1250 1366 1293 1412 cl'
1325 1368 1507 1413 ἀπειλαὶ
1537 1372 1580 1413 in
1612 1370 1783 1421 πολλὰς
1814 1366 1860 1412 ‹)'’
1893 1370 2082 1422 ἀπειλὰς
2114 1377 2157 1416 et
2186 1372 2516 1430 κατηπείλησαν
2546 1377 2589 1420 in
2620 1394 2700 1421 κα-

246 1442 510 1499 τηπείλησεν
539 1445 744 1488 mutanda
773 1435 908 1488 erunt.
964 1447 1141 1488 Vertere
1172 1450 1315 1487 autem
1352 1444 1451 1487 licet
1491 1445 1630 1487 locum
1659 1457 1685 1486 a
1716 1444 1836 1486 nobis
1867 1445 2130 1500 restitutum,
2175 1447 2245 1501 qui
2290 1447 2343 1489 ob
2373 1447 2700 1494 alliteratiouem

246 1529 324 1572 per
362 1517 582 1571 complura
622 1518 756 1561 verba
796 1518 1086 1561 continuatam
1119 1517 1320 1560 notabilis
1359 1522 1444 1571 est,
1494 1517 1555 1559 sic
1593 1517 1855 1571 germanice:
1904 1519 2014 1559 woh!
2047 1519 2178 1560 haben
2224 1521 2408 1561 ve'elmals
2453 1520 2587 1564 Woree
2629 1525 2702 1565 der

244 1593 502 1644 Dronunyen
544 1592 792 1632 nmncherlet'
825 1593 913 1633 «lem
947 1592 1061 1633 Zorn
1096 1605 1151 1633 zu
1182 1592 1306 1644 Folqe
1336 1593 1461 1632 sehon
1504 1592 1726 1643 verqebla'ch
1763 1593 1944 1643 yearolaet.
2004 1591 2082 1633 Est
2113 1591 2237 1645 quasi
2267 1591 2335 1635 hic
2365 1592 2504 1649 locus,
2546 1599 2593 1637 ut
2623 1595 2702 1640 hac

245 1665 434 1721 imagine
465 1669 574 1713 utar,
603 1663 751 1707 fabula
780 1663 833 1707 de
865 1664 1004 1719 minis,
1031 1678 1141 1720 quae
1170 1664 1239 1707 hic
1268 1669 1314 1707 ut
1344 1664 1407 1707 ira
1435 1668 1478 1706 et
1508 1677 1627 1706 mens
1657 1668 1875 1718 tamquam
1905 1663 2098 1708 homines
2119 1670 2505 1721 repraesentantur.
2555 1668 2703 1712 Liceat

245 1739 351 1781 mihi
380 1752 477 1781 eam
513 1751 727 1779 enarrare.
784 1738 877 1792 Ira,
918 1752 1048 1792 quum
1077 1737 1339 1792 exardescit,
1380 1742 1565 1779 mentem
1596 1737 1732 1791 capit,
1772 1742 1817 1778 ut
1837 1738 1930 1792 jam
1962 1738 2028 1780 sui
2060 1752 2144 1780 non
2172 1752 2347 1793 compos
2376 1740 2452 1795 sit,
2499 1746 2542 1783 et
2571 1743 2703 1785 verba

247 1812 453 1868 appellat,
481 1815 527 1852 ut
554 1810 693 1852 minas
717 1810 894 1864 jactent.
953 1812 1010 1852 At
1039 1824 1159 1853 mens
1190 1810 1262 1853 diu
1293 1810 1383 1852 irae
1413 1810 1637 1865 imperium
1667 1823 1750 1852 non
1781 1810 1934 1853 tolerat
1963 1811 2206 1865 sensimque
2235 1825 2282 1854 se
2304 1812 2526 1868 recolligit.
2578 1814 2703 1864 Quod

246 1884 374 1928 simul
402 1884 561 1927 factum
593 1887 679 1939 est,
709 1882 793 1925 cito
827 1882 1052 1938 aufugiunt
1079 1884 1219 1925 minae
1251 1883 1392 1926 verbis
1423 1888 1522 1925 ante
1546 1883 1751 1938 jactatae.
1783 1907 1837 1912 -—
1877 1883 2140 1939 Alliteratio,
2180 1897 2308 1939 quam
2336 1885 2380 1927 in
2409 1885 2476 1928 his
2506 1888 2702 1930 versibus

246 1958 487 2001 invenimus
522 1955 575 1998 de
613 1969 782 2011 quaque
824 1955 1018 1999 conferas
1060 1956 1292 2011 Goettling.
1321 1955 1386 1998 ed.
1417 1956 1473 1998 ΙΙ.
1504 1954 1679 1999 Hesiod.
1720 1970 1760 2010 p.
1790 1956 1990 1998 XXXIII
2021 1969 2107 2011 sq.,
2150 1956 2406 2000 documento
2436 1971 2533 2002 esse
2561 1966 2704 2015 potest

246 2032 462 2074 Theseum
490 2042 537 2072 re
570 2041 676 2072 vera
706 2028 896 2071 fabulam
926 2029 997 2072 vel
1026 2029 1321 2084 proverbium,
1351 2028 1466 2084 quod
1495 2029 1673 2072 Graecis
1706 2028 1750 2070 in
1785 2041 1857 2071 ore
1888 2034 2000 2083 erat,
2046 2029 2090 2071 in
2120 2036 2260 2073 mente
2290 2031 2506 2075 habuisse.
2567 2034 2704 2076 Nemo

248 2108 393 2147 autem
421 2102 475 2146 de
502 2102 816 2157 significatione
843 2102 980 2145 dativi
1009 2105 1142 2158 θυμῷ
1174 2102 1358 2157 amplius
1388 2102 1544 2158 poterit
1572 2101 1780 2156 dubitare,
1811 2102 1883 2156 qui
1911 2101 2075 2145 ethicus
2104 2102 2177 2146 ille
2198 2109 2274 2158 est,
2304 2118 2431 2158 quem
2451 2112 2618 2161 vocant,
2649 2107 2702 2150 de

247 2190 332 2232 quo
368 2175 469 2220 vide
508 2175 662 2218 Bernh.
703 2179 804 2230 synt
856 2188 919 2229 gr.
959 2189 1002 2230 p.
1032 2175 1100 2220 85.
1161 2175 1359 2218 Ceterum
1399 2188 1602 2230 compara
1639 2175 1676 2217 h.
1705 2175 1730 2216 f.
1762 2190 1798 2217 v.
1832 2176 1934 2217 1281
1970 2188 2064 2230 sqq.
2101 2179 2144 2218 et
2173 2176 2230 2218 M.
2262 2176 2450 2232 Seyffert
2477 2178 2533 2222 ad
2561 2180 2705 2235 Antig.

248 2266 288 2294 v.
320 2250 401 2293 718
431 2250 475 2293 in
504 2248 620 2293 Jahn
664 2249 773 2292 Ann.
803 2248 924 2300 1863,
953 2263 992 2304 p.
1020 2248 1105 2292 495
1137 2262 1199 2303 sq.

868 2323 918 2365 V.
950 2322 1031 2362 776
1093 2319 1243 2377 ὥσπερ
1270 2338 1336 2372 τις
1364 2318 1410 2364 εἴ
1434 2337 1506 2363 σοι
1539 2322 1799 2378 λιπαροῦντι
1830 2320 1910 2373 μὲν
1936 2326 2119 2374 τυχεῖν

1089 2394 1226 2452 μηδὲν
1256 2392 1401 2452 διδοίη
1432 2392 1542 2451 μηδ’
1573 2392 1819 2447 ἐπαρκέσαι
1850 2393 1997 2437 θέλοι.

365 2471 635 2525 Quamquam
666 2469 858 2526 plerique
890 2467 1117 2524 Sophoclis
1158 2467 1239 2511 loci
1275 2468 1379 2511 vitio
1406 2467 1633 2524 depravati
1663 2467 1788 2510 hodic
1823 2468 1916 2523 jam
1947 2469 2080 2511 notati
2113 2475 2231 2524 sunt,
2267 2475 2409 2513 tamen
2436 2469 2707 2514 etiamnunc

249 2544 413 2600 aliquot
450 2547 643 2597 exstant,
684 2543 738 2585 de
769 2555 946 2596 quorum
977 2541 1223 2596 integritate
1258 2555 1381 2584 nemo
1413 2541 1552 2583 adhuc
1582 2541 1805 2583 dubitavit.
1865 2542 1980 2584 Intcr
2009 2541 2086 2584 hos
2121 2548 2187 2585 est
2216 2543 2328 2585 idem
2359 2544 2431 2586 ille
2460 2557 2610 2587 versus
2642 2558 2705 2587 re-

249 2617 462 2671 ferendus,
495 2629 622 2670 quem
653 2629 784 2672 supra
813 2615 930 2670 typis
960 2614 1240 2657 exhibuimus.
1295 2615 1580 2658 Vehementer
1609 2615 1847 2656 mirandum
1877 2622 1955 2670 cst,
1986 2616 2099 2669 quod
2119 2628 2242 2658 nemo
2273 2617 2316 2658 in
2347 2617 2556 2660 infinitivo
2586 2618 2706 2659 verbi

250 2694 393 2743 τυχεῖν
422 2690 612 2733 offendit.
673 2690 826 2733 Nonne
862 2701 1037 2744 prorsus
1077 2689 1228 2731 inutile
1268 2694 1360 2731 erat
1389 2702 1439 2731 ac
1467 2701 1834 2742 supervacaneum
1864 2689 1919 2730 ad
1951 2689 2176 2740 λιπαρεῖν,
2218 2689 2331 2743 quod
2363 2691 2494 2733 ctiam
2521 2704 2559 2732 v.
2594 2692 2703 2733 1201

250 2763 291 2806 h.
316 2763 345 2806 f.
374 2763 569 2807 absolute
599 2767 850 2818 usurpatum
879 2766 967 2815 est,
996 2761 1155 2804 addere
1185 2764 1346 2812 τυχεῖν,
1385 2761 1498 2815 quod
1528 2774 1581 2804 ne
1613 2767 1760 2816 aptum
1791 2762 1962 2815 quidem
1993 2762 2090 2804 huic
2130 2762 2222 2805 loco
2253 2764 2353 2805 est?
2409 2764 2559 2817 Neque
2591 2764 2705 2807 enim

251 2840 406 2894 τυχεῖν,
436 2835 515 2881 sed
547 2835 702 2880 δοῦναι
723 2839 1011 2892 exspectatur.
1061 2836 1119 2878 At
1145 2848 1198 2877 ne
1227 2834 1306 2879 hoc
1337 2834 1508 2889 quidem
1538 2840 1626 2878 tam
1660 2835 1772 2879 nude
1799 2835 1985 2892 positum
2014 2835 2099 2878 ullo
2130 2835 2255 2879 modo
2277 2842 2424 2893 posset
2444 2837 2706 2882 satisfacere.

250 2912 364 2955 Nam
396 2916 472 2954 aut
500 2911 586 2953 tale
616 2910 817 2965 generale
847 2910 1023 2953 verbum
1053 2909 1223 2952 omnino
1253 2909 1530 2952 omittendum
1567 2914 1659 2952 erat
1689 2914 1764 2951 aut
1799 2923 1877 2952 cae
1907 2909 2027 2965 ipsae
2057 2923 2124 2953 res
2157 2910 2405 2953 nominatim
2437 2910 2706 2967 indicandae,

254 2998 364 3039 quae
401 2998 429 3027 a
466 2984 662 3040 supplice
701 2989 917 3039 rogantur.
976 2983 1120 3035 Quare
1160 2996 1254 3025 meo
1296 2982 1467 3036 quidem
1490 2982 1654 3036 judicio
1692 2982 1806 3025 istud
1842 2987 1984 3034 τυχεῖν
2014 2983 2249 3026 orationem
2279 2983 2503 3039 Sophoclis
2533 2998 2708 3040 prorsus

251 3058 443 3103 dedecet.
527 3058 606 3113 At,
634 3057 759 3113 quid,
788 3057 955 3111 inquiat
982 3056 1215 3112 quispiam,
1247 3056 1341 3111 jam
1380 3055 1621 3099 faciendum
1650 3056 1749 3099 est?
1803 3055 2119 3099 Meminerimus
2146 3057 2361 3101 veteribus
2392 3057 2530 3114 poetis
2560 3072 2708 3103 omnes

251 3145 343 3186 res,
375 3144 483 3185 quas
511 3130 582 3174 vel
612 3135 786 3174 narrant
811 3130 881 3174 vel
912 3130 1176 3184 describunt,
1207 3129 1330 3184 quasi
1359 3129 1569 3184 imagines
1596 3129 1657 3171 ita
1688 3134 1787 3171 ante
1818 3129 1947 3172 animi
1977 3130 2121 3173 oculos
2151 3130 2402 3175 obversatas
2431 3144 2549 3187 esse,
2588 3137 2634 3175 ut
2662 3132 2707 3176 in

250 3203 476 3249 narrandis
498 3203 566 3248 his
590 3203 718 3247 rebus
742 3202 846 3247 nihil
874 3204 1075 3258 facerent,
1095 3201 1179 3246 nisi
1205 3207 1262 3258 ut,
1289 3215 1399 3256 quae
1415 3202 1689 3257 intuerentur,
1710 3201 1833 3256 quasi
1850 3201 2131 3258 depingerent
2146 3208 2188 3246 et
2208 3203 2485 3246 imitarentur.
2533 3203 2605 3247 Sic
2626 3203 2708 3249 hoc

250 3291 420 3333 quoque
448 3277 543 3322 loco
573 3276 808 3333 Sophocles
837 3276 1062 3321 Creontem
1088 3276 1271 3321 fortasse
1299 3276 1342 3320 in
1371 3275 1522 3320 itinere
1553 3276 1797 3319 calamitate
1827 3275 1973 3330 aliqua
2002 3276 2267 3320 laborantem
2300 3277 2546 3331 auxilioque
2577 3277 2705 3323 desti-

251 3355 391 3395 tutum
411 3351 456 3394 in
485 3350 577 3395 solo
601 3350 822 3406 Jacentem
850 3356 893 3393 et
922 3349 1066 3407 alium,
1092 3349 1165 3404 qui
1196 3362 1298 3393 casu
1329 3349 1479 3393 eodem
1504 3349 1656 3392 itinere
1686 3349 1930 3404 incesserat,
1962 3349 2005 3392 in
2034 3349 2154 3392 illum
2182 3349 2441 3394 incidentem
2471 3349 2606 3421 tinxit.
2652 3352 2710 3396 Ut
