2972 3773
1454 142 1516 190 17

255 272 337 316 hac
363 271 480 316 vitae
505 277 630 329 parte
658 278 843 329 vagatus
865 274 991 317 erat?
1034 274 1269 331 Implorare
1297 279 1442 319 autem
1469 276 1656 321 solemus
1684 277 1793 321 alios
1827 277 2019 321 homines
2048 277 2141 321 sive
2159 290 2240 334 per
2266 289 2342 322 eas
2370 288 2453 331 res,
2483 287 2595 330 quac
2622 272 2708 316 illis

254 344 326 389 vel
354 357 480 388 carae
503 345 573 389 vel
601 345 856 389 metuendae
884 351 1000 402 sunt,
1038 347 1132 390 sive
1161 360 1239 403 per
1265 348 1382 392 Deos
1411 354 1455 392 et
1483 349 1697 405 homines,
1734 347 1888 404 quib'us
1929 350 2015 405 ipsi
2043 350 2133 392 cari
2169 354 2281 392 sunt.
2347 349 2539 400 Quarum
2567 346 2705 401 regio·

255 430 357 460 num
384 417 524 461 fontes
553 417 719 474 Oedipo
749 433 872 462 caros
899 419 1033 462 fuisse
1059 425 1211 475 putare
1239 420 1400 464 liceat?
1442 421 1606 473 Quibus
1633 422 1727 478 ipse
1762 435 1887 466 carus
1915 422 2073 465 fucrit?
2115 422 2389 465 Manifestum
2418 426 2487 464 est
2515 419 2704 473 mihique

253 490 628 546 persuasissimum
655 491 910 548 Sophoclem
935 491 1016 536 hoc
1043 492 1136 536 loco
1165 506 1304 548 neque
1332 495 1501 550 κρηνῶν
1530 494 1756 550 scripsisse
1784 508 1923 550 neque
1958 495 2034 538 illa
2065 495 2210 550 verba,
2239 507 2351 550 quae
2372 507 2400 537 a
2419 493 2579 537 criticis
2607 496 2708 535 sunt

252 563 474 619 proposita
506 577 586 607 nec
613 564 700 607 ullo
726 563 851 608 modo
879 564 1160 609 satisfaciunt.
1216 565 1330 618 Quid
1356 566 1535 622 Bergkii
1563 567 1809 623 conjectura
1838 565 1954 623 πρός
1982 584 2058 611 νυν
2088 565 2286 624 καρήνων
2314 567 2397 610 sibi
2426 567 2543 621 velit,
2573 565 2703 608 coufi-

253 641 347 681 teor
385 651 452 682 me
490 638 660 682 omnino
698 651 784 682 non
820 651 948 694 posse
988 638 1239 695 intelligere.
1306 639 1427 683 Idem
1463 639 1567 683 mihi
1602 640 1656 684 de
1692 640 1865 684 invento
1894 639 2139 696 Wieseleri‚
2180 639 2262 683 viri
2290 639 2335 684 iu
2362 637 2629 696 conjiciendo
2658 641 2704 681 et

252 710 361 755 alias
390 711 564 755 minime
592 710 743 767 felicis,
773 711 889 765 πρὸς
917 709 990 754 νύν
1017 725 1068 755 σε
1096 709 1268 769 κλήρων
1297 712 1523 757 dicendum
1551 718 1628 758 est.
1684 714 1768 758 Per
1795 714 1966 757 Thebas
1996 726 2099 757 vero
2128 712 2339 769 Oedipum
2368 713 2610 756 invocatum
2639 711 2702 753 fa-

253 797 372 839 cere,
402 788 449 828 ut
476 783 698 828 Nauckius
728 783 830 827 fecit
858 784 1089 839 conjiciens
1119 783 1232 840 πρὸς
1260 783 1333 828 νύν
1361 801 1410 829 σε
1442 788 1621 844 Θηβῶν,
1659 786 1752 831 sine
1779 788 1907 830 dubio
1936 788 1991 830 ob
2018 800 2087 830 res
2117 800 2248 843 supra
2275 799 2304 828 a
2331 787 2453 829 nobis
2481 785 2702 842 expositas

251 856 443 913 ineptum
481 862 559 901 est.
618 858 797 900 Prorsus
836 857 942 900 nihil
977 857 1107 912 igitur
1142 858 1420 914 interpretum
1459 859 1611 903 studiis
1650 874 1703 903 ac
1730 861 1948 904 laboribus
1978 860 2035 902 ad
2064 859 2430 915 interpretandum
2457 859 2527 901 vel
2557 871 2697 900 emen-

252 930 440 973 dandum
468 930 580 973 hunc
608 931 748 973 locum
782 930 933 972 auxilii
968 931 1107 973 adhuc
1135 936 1332 986 paratum
1361 938 1438 975 est.
1467 956 1523 963 —
1559 933 1686 976 Haud
1725 933 1943 977 insolitum
1972 938 2065 975 erat
2093 933 2271 975 Graecis
2302 933 2454 987 Κῆρας
2482 932 2696 974 invocare.

250 1002 428 1046 Factum
456 1002 501 1046 id
527 1007 593 1046 est
621 1003 676 1046 ab
708 1003 891 1047 Hercule
920 1003 1036 1060 apud
1064 1004 1211 1060 Eurip.
1239 1004 1364 1050 Herc.
1392 1005 1473 1048 fur.
1502 1020 1541 1048 v.
1572 1007 1677 1050 870:
1712 1006 1834 1050 δεινὰ
1861 1010 2055 1061 μυκᾶται
2085 1004 2134 1048 δὲ
2165 1008 2317 1061 Κῆρας
2346 998 2580 1047 ἀνακαλῶν
2607 1001 2688 1053 τὰς

256 1073 498 1133 Ταρτάρου.
560 1076 667 1119 Sunt
696 1080 839 1118 autem
871 1078 1017 1134 Κῆρες
1045 1089 1123 1119 eae
1154 1077 1296 1134 Deae,
1328 1091 1505 1133 quarum
1533 1079 1577 1121 in
1603 1083 1816 1136 potestate
1845 1083 1943 1121 sunt
1972 1084 2109 1134 ortus,
2138 1078 2250 1132 vita,
2279 1089 2416 1131 mom,
2446 1076 2537 1118 fata
2565 1076 2697 1119 homi-

250 1161 364 1192 num.
420 1149 512 1192 Has
557 1162 651 1192 cum
678 1149 774 1191 Diis
814 1149 1041 1204 gentiliciis
1076 1150 1327 1206 Polynices,
1371 1152 1443 1193 ubi
1472 1152 1683 1208 Oedipum
1726 1152 1770 1194 in
1809 1154 2073 1195 voluntatem
2114 1165 2237 1194 suam
2273 1149 2554 1204 perducturus
2591 1154 2695 1204 erat,

250 1222 411 1277 optimo
434 1223 532 1278 jure
561 1227 728 1278 poterat
757 1236 1020 1278 componere.
1078 1224 1190 1265 Nam
1226 1229 1273 1266 ut
1300 1224 1373 1266 Dii
1413 1225 1619 1279 gentilicii
1648 1226 1779 1269 totius
1808 1226 1970 1280 gentis,
2008 1224 2071 1268 ita
2102 1226 2247 1280 Κῆρες
2275 1222 2537 1277 singulorum
2565 1222 2697 1266 homi-

249 1308 349 1338 num
381 1301 480 1340 sunt
508 1300 727 1352 patronae.
783 1296 850 1339 Ab
879 1295 945 1339 his
971 1296 1066 1339 Diis
1096 1297 1330 1352 repetenda
1358 1304 1455 1340 sunt
1484 1299 1626 1341 omnia
1654 1313 1708 1344 ea
1735 1300 1871 1356 mala,
1912 1313 2021 1355 quae
2052 1295 2219 1353 Oedipo
2249 1309 2346 1339 cum
2374 1295 2463 1339 suis
2492 1294 2698 1351 patienda

248 1373 291 1412 et
321 1374 443 1413 erant
471 1374 515 1413 et
543 1374 654 1413 sunt.
712 1370 833 1421 Quae
859 1384 987 1424 quum
1021 1370 1083 1414 ita
1113 1370 1210 1426 sint,
1244 1384 1322 1426 pro
1353 1375 1517 1429 κρηνῶν
1545 1373 1784 1428 putaverim
1818 1376 1976 1430 Κηρῶν
2004 1370 2233 1427 legendum
2263 1383 2374 1414 esse.
2424 1368 2697 1425 Quantopere

247 1456 350 1487 vero
379 1443 607 1500 Polynices
646 1447 761 1487 amet
799 1443 875 1487 illa
910 1443 1086 1488 numina
1123 1444 1363 1501 appellare,
1402 1459 1579 1500 quorum
1616 1446 1804 1490 invidiae
1844 1451 1973 1502 atque
2001 1443 2098 1490 odio
2127 1457 2223 1488 cum
2253 1441 2410 1500 Oedipi
2438 1440 2537 1486 fatis
2565 1441 2695 1486 etiam

247 1505 337 1559 sua*
355 1516 501 1560 deberi
525 1521 671 1573 putat,
712 1516 905 1560 versibus
938 1516 1068 1573 1299,
1113 1517 1240 1573 1370,
1287 1519 1398 1561 1434
1436 1519 1543 1562 satis
1582 1520 1831 1564 ostenditur.
1890 1520 2079 1562 Afferam
2115 1518 2185 1560 hic
2219 1522 2482 1574 postremum
2508 1520 2694 1558 tantum:

245 1584 347 1632 ἀλλ’
382 1587 485 1643 ἐμοὶ
512 1587 592 1644 μὲν
621 1585 693 1646 ἥδ’
727 1587 836 1652 ὁδὸς
861 1587 999 1633 ἔσται·
1016 1588 1214 1644 μέλουσα
1248 1589 1502 1645 δύςποτμός
1536 1608 1583 1635 τε
1623 1591 1700 1637 καὶ
1736 1592 1848 1648 κακὴ
1881 1590 1999 1647 πρὸς
2022 1594 2099 1635 ‘coi'
2104 1591 2153 1633 δε
2181 1590 2354 1647 πατρὸς
2380 1592 2468 1632 τῶν
2494 1604 2543 1632 τε
2571 1583 2691 1632 τοῦδ’

239 1657 462 1719 Ἐρινύων.
514 1662 714 1705 Ceterum
734 1662 842 1705 conf.
863 1677 903 1706 v.
927 1660 1047 1718 1326,
1078 1663 1197 1706 cuius
1217 1663 1348 1707 verba
1369 1661 1545 1707 παίδων
1565 1665 1702 1708 τῶνδε
1721 1664 1871 1710 eodem
1890 1664 2015 1708 modo
2036 1663 2296 1719 respondent
2320 1665 2442 1707 θεῶν
2462 1656 2693 1717 ὁμογνίων,

246 1748 329 1790 quo
358 1737 501 1792 ψυχῆς
529 1736 759 1792 respondet
788 1738 963 1793 Κηρῶν.
2341 1754 2393 1779 κ,

826 1854 877 1899 V.
910 1854 1019 1898 1370
1073 1851 1232 1914 τοιγάρ
1259 1850 1302 1900 o'
1333 1851 1358 1901 ὃ
1389 1853 1562 1911 δαίμων
1590 1853 1745 1915 εἶςορᾷ
1769 1855 1849 1911 μὲν
1878 1851 1940 1902 οἷὶ
1970 1852 2024 1899 τί
2048 1871 2130 1900 πω

1082 1924 1141 1979 ὡς
1169 1924 1333 1982 obviae,
1364 1926 1493 1986 εἴπερ
1522 1929 1619 1974 οἵδε
1645 1932 1867 1974 κινοῦνται
1897 1924 2021 1982 λόχοι

1075 1999 1194 2056 πρὸς
1222 1996 1333 2046 ἶίστυ
1367 1999 1527 2059 Θήβης.

355 2108 595 2149 Meinekius
616 2107 747 2149 libere
768 2108 825 2149 ad
843 2108 955 2149 hunc
973 2107 1112 2149 locum
1130 2107 1372 2163 profitetur:
1392 2110 1491 2150 haec
1511 2110 1699 2150 nondum
1715 2110 1906 2151 inventus
1927 2110 2074 2161 estqui
2092 2109 2155 2150 vel
2170 2109 2401 2149 emendaret
2415 2108 2477 2149 vel
2492 2107 2684 2160 probabi-

242 2182 336 2223 liter
350 2182 594 2234 explicaret.
623 2181 841 2222 Dobraeus
857 2181 1039 2223 tentabat
1055 2195 1104 2223 σε
1126 2178 1297 2235 δαίμων
1317 2204 1374 2212 -
1395 2175 1445 2231 ὃς
1465 2178 1618 2231 αυτίκ’,
1643 2195 1762 2235 quem
1776 2194 1895 2224 nenw
1912 2189 2116 2235 sequetur.
2149 2181 2416 2233 Intelligerem
2435 2181 2473 2221 si
2485 2181 2686 2232 scriptum

241 2260 343 2297 esset
371 2247 424 2297 οῗί
441 2251 487 2297 τί
504 2268 592 2305 πω,
621 2249 717 2297 ἀλλ’
752 2250 914 2298 αὐτίκ’.
959 2254 1026 2296 De
1050 2253 1403 2309 interpretatione
1432 2253 1553 2297 verbi
1582 2251 1734 2313 εἶςορᾷ
1766 2253 1953 2297 dubitari
1981 2253 2141 2309 nequit,
2169 2252 2327 2308 quippe
2354 2251 2466 2307 quod
2491 2256 2604 2295 recte
2631 2251 2688 2295 ab

239 2326 541 2382 interpretibus
558 2327 818 2382 explicatum
839 2327 910 2371 sit.
941 2327 1044 2371 Sola
1057 2327 1190 2371 verba
1209 2320 1261 2372 οὕ
1275 2326 1321 2371 τί
1340 2344 1412 2371 πω
1433 2326 1726 2371 difficultatem
1747 2332 1929 2371 movent.
1981 2326 2102 2370 Haec
2121 2340 2172 2370 eo
2192 2328 2328 2382 modo,
2355 2338 2438 2381 quo
2454 2324 2684 2370 Schaefero

239 2404 282 2443 et
315 2399 560 2444 Hermanno
597 2400 899 2456 praeeuntibus
928 2400 1168 2445 Wunderus
1205 2400 1328 2457 fecit,
1365 2400 1484 2445 cuius
1520 2405 1665 2445 notam
1710 2400 1958 2445 Dindorfius
1989 2399 2162 2456 dignam
2192 2399 2339 2443 habuit
2366 2412 2495 2454 quam
2522 2398 2566 2442 in
2594 2398 2683 2443 edi·

238 2471 397 2516 tionem
433 2486 555 2517 suam
593 2472 824 2530 reciperet,
866 2473 1075 2531 explicari
1115 2488 1200 2517 non
1237 2487 1367 2531 posse
1401 2474 1684 2518 certissimum
1725 2479 1803 2518 est.
1861 2475 1973 2517 Raro
2002 2478 2145 2516 autem
2173 2472 2368 2515 existimo
2396 2471 2686 2527 conjecturam

239 2545 428 2601 aliquam
457 2551 579 2590 tanta
605 2547 764 2590 fiducia
792 2547 837 2590 in
865 2547 1007 2590 medio
1035 2547 1216 2602 proponi
1243 2561 1384 2603 posse,
1413 2552 1575 2603 quanta
1603 2561 1697 2591 eam
1725 2547 1914 2604 proferre
1943 2547 2062 2602 licet,
2090 2560 2174 2601 qua
2205 2546 2302 2588 huic
2330 2544 2559 2601 desperato
2588 2544 2683 2590 loco

239 2632 546 2663 succurremus.
602 2620 731 2664 Velut
763 2619 876 2663 infra
905 2634 944 2663 v.
967 2619 1077 2663 1395
1110 2618 1300 2676 Oedipus
1329 2634 1415 2665 non
1443 2615 1542 2677 ἐγώ,
1574 2620 1652 2666 sed
1681 2633 1776 2665 cum
1797 2619 1991 2676 emphasi
2017 2616 2244 2669 Οἰδίπους,
2275 2618 2338 2661 sic
2366 2617 2447 2661 hoc
2475 2617 2568 2661 loco
2597 2631 2685 2662 non

237 2689 358 2744 ἐμοῦ,
389 2691 467 2735 sed
489 2689 683 2737 Οἰδίπου
710 2693 832 2737 dixit.
878 2693 1066 2737 Consilio
1098 2707 1200 2737 vero
1216 2692 1407 2750 Oedipus
1437 2707 1581 2738 coram
1610 2694 1710 2750 filio,
1738 2707 1863 2748 quem
1891 2693 2126 2737 detestatur
2153 2704 2291 2746 neque
2318 2690 2453 2734 filium
2472 2691 2683 2747 agnoscit,

235 2763 371 2819 ipsius
400 2764 570 2808 nomine
615 2766 767 2821 utitur,
807 2765 921 2821 quod
951 2779 1124 2822 sperare
1162 2765 1332 2809 videtur
1358 2766 1465 2809 illud
1487 2771 1534 2809 ut
1563 2766 1812 2810 daemonem
1839 2764 2043 2820 degeneri
2080 2763 2167 2806 filio
2197 2768 2355 2807 metum
2383 2762 2612 2808 incutiens-
2625 2764 2681 2809 ob

235 2835 379 2881 oculos
423 2841 691 2883 versaturum
732 2852 841 2884 esse.
917 2837 1053 2883 Simul
1090 2851 1244 2883 nomen
1282 2852 1405 2884 suum
1442 2838 1649 2883 adhibens
1686 2838 1818 2882 filium
1858 2850 1911 2881 ex
1947 2836 2139 2881 omnibus
2177 2836 2370 2893 partibus
2407 2836 2681 2883 considerare

229 2908 367 2966 jubet,
395 2909 491 2964 quis
519 2910 603 2956 sibi
634 2911 708 2956 ille
738 2911 927 2968 Oedipus
953 2911 1020 2957 sit.
1079 2911 1356 2958 substantivo
1386 2917 1529 2957 autem
1558 2911 1728 2967 δαίμων
1749 2909 1938 2967 Oedipus
1967 2923 2053 2954 non
2081 2909 2218 2954 solum
2243 2909 2300 2953 ad
2323 2909 2443 2954 illam
2462 2910 2682 2967 Polynicis

238 2982 495 3027 sententiam
522 2984 709 3042 respicit,
740 2999 868 3042 quam
891 2985 985 3042 jam
1013 2998 1145 3042 supra
1173 2985 1468 3042 exposuimus,
1498 2983 1576 3029 sed
1604 2983 1733 3028 etiam
1763 2982 1821 3027 ad
1848 2983 1963 3027 diras
1993 2983 2109 3040 illas,
2137 2982 2192 3027 de
2221 2983 2375 3040 quibus
2404 2997 2444 3027 v.
2474 2984 2588 3028 1375
2616 2997 2681 3041 sq.

232 3054 355 3101 dicit:
398 3053 572 3110 voca'gd’
617 3054 730 3116 ἀρὰς
757 3060 883 3120 σφῷν
911 3055 1086 3117 πρόςθε
1116 3055 1159 3103 τ’
1207 3055 1382 3118 ἐξανῆκ’
1423 3056 1508 3117 ἐγώ
1551 3060 1623 3101 νῦν
1657 3051 1700 3100 τ’
1741 3054 2049 3112 ἀνακαλοῦμαι
2088 3053 2341 3113 ξυμμάχους
2379 3053 2534 3100 ἐλθεῖν
2562 3055 2678 3112 ἐμοὶ.

233 3135 486 3180 Germanice
515 3136 627 3178 hunc
656 3135 795 3177 locum
820 3134 1060 3176 restitutum
1088 3138 1255 3176 vertere
1284 3134 1404 3175 licet:
1441 3134 1626 3174 desshalb
1662 3134 1772 3173 wird
1801 3134 1996 3186 hirwahr
2023 3134 2096 3173 der
2123 3132 2365 3185 Racheqeist
2393 3133 2463 3174 des
2495 3132 2678 3186 Oedipus

233 3210 368 3263 sofort
401 3211 589 3265 strasend
627 3210 708 3263 aus
731 3210 824 3250 dich
851 3208 1166 3255 niederbliclcen,
1207 3220 1326 3249 wemz
1363 3207 1513 3248 anders
1553 3207 1661 3247 diese
1691 3206 1822 3248 Heere
1851 3207 1937 3247 sich
1965 3218 2087 3259 qeqen
2121 3204 2158 3246 T
2155 3205 2300 3247 hebens
2330 3203 2450 3248 Stadc
2480 3206 2678 3259 beweqen.

231 3282 422 3325 Persona
453 3288 596 3326 autem
621 3283 799 3336 loquens
828 3281 963 3337 ipsius
993 3294 1145 3323 nomen
1172 3294 1249 3335 pro
1276 3278 1523 3334 pronomine
1550 3278 1769 3334 personali
1799 3283 1977 3333 usurpat
2009 3277 2139 3322 etiam
2164 3291 2233 3321 vv.
2260 3279 2299 3322 3.
2338 3276 2428 3320 109.
2455 3277 2539 3321 626
2574 3277 2615 3323 h.
2646 3277 2664 3320 ἲ

231 3354 353 3409 Ajac.
382 3356 448 3398 98.
477 3356 632 3400 Aesch.
660 3355 799 3398 Prom.
829 3355 926 3398 296,
2366 3421 2386 3453 3
