2972 3773
1457 140 1519 186 16

252 279 428 333 praesto
443 274 536 317 erit.
563 271 732 315 Deinde
746 276 1081 315 consentaneum
1095 278 1162 317 est
1177 286 1273 316 eum
1287 273 1431 317 verbis
1448 271 1660 324 κάκιστος
1679 268 1936 327 ἀνθρώπων
1947 271 2224 329 participium
2238 273 2340 317 olim
2355 274 2552 330 junctum
2569 274 2719 332 fuisse,

255 350 375 392 velut
403 341 557 402 γεγώς,
595 344 709 399 quod
742 348 886 387 exstat
913 344 954 387 h.
981 344 1009 387 f.
1039 358 1079 387 v.
1109 345 1196 388 364
1222 344 1364 403 χρόνῳ
1393 343 1533 399 μείων
1562 344 1700 401 γεγώς
1736 349 1779 387 01
1814 357 1853 386 v.
1894 344 2004 387 1132
2040 339 2206 396 ἄθλιος
2243 346 2395 400 γεγώς.
2453 347 2590 401 Quod
2620 360 2719 405 par-

254 421 450 477 ticipium
475 430 605 472 quum
632 417 678 459 in
704 419 900 473 τροφαῖς
925 417 1062 462 latere
1091 419 1183 461 veri
1210 419 1267 461 sit
1293 417 1579 474 simillimum,
1616 431 1701 460 non
1738 416 1973 460 errabimus
2005 431 2083 473 pro
2119 416 2195 460 illo
2224 417 2420 473 legentes
2449 420 2717 478 τραφείς,

242 492 372 550 qnod
399 488 584 534 Ellendt.
611 489 639 532 1.
669 489 696 532 l.
728 488 848 533 Tom.
877 489 944 546 II,
986 504 1028 547 p.
1058 491 1165 547 853,
1193 493 1222 533 4
1259 490 1478 535 commode
1508 490 1698 547 γεγονώς
1735 489 2037 546 explicandum
2066 502 2162 534 esse
2191 489 2307 535 dicit.
2347 491 2350 494 ’
2376 492 2485 536 Tum
2512 490 2634 550 ἥκειν
2662 505 2721 538 ex

256 566 371 610 omni
404 565 528 620 parte
567 575 722 606 sanum
760 562 933 606 videtur
967 568 1015 606 ut
1053 563 1229 606 verbum
1261 563 1515 620 saepissime
1543 562 1599 605 ad
1636 562 1846 605 vocabula
1874 563 2162 606 calamitatem
2189 563 2382 607 notantia
2411 564 2624 621 additum,
2661 565 2718 609 de

257 654 339 697 quo
366 651 448 683 11811
476 635 586 680 conf.
614 635 770 680 Aesch.
797 637 936 680 Prom.
964 650 1004 680 v.
1022 637 1104 679 102
1132 649 1196 692 sq.
1227 632 1334 680 οὐδέ
1360 651 1441 691 μοι
1472 633 1707 680 ποταίνιον
1735 633 1850 692 πῆμ’
1885 633 2015 680 οὐδὲν
2044 633 2153 693 ἥξει.
2200 637 2258 681 Ut
2289 637 2369 682 1100
2388 637 2593 694 Aeschyli
2623 639 2717 682 loco

256 713 314 757 ad
339 710 463 770 ἥκειν
491 709 665 754 additus
692 714 759 753 est
787 708 959 752 dativus
988 707 1082 764 μοί,
1112 709 1175 752 810
1194 708 1432 766 putandum
1459 712 1524 752 est
1551 708 1653 751 olim
1682 708 1812 751 etiam
1841 708 1885 751 in
1912 708 1992 753 1100
2018 709 2112 754 1000
2143 722 2239 754 01101
2266 710 2340 755 1110
2368 711 2498 756 verbo
2526 710 2719 756 dativum

257 785 531 841 conjunctum
568 783 714 826 1111880.
772 783 897 825 Hunc
924 782 1117 825 dativum
1155 782 1259 824 mihi
1297 782 1342 824 in
1379 784 1482 832 ταῖς
1524 783 1697 831 σαῖσιν,
1735 781 1849 835 quod
1887 781 2005 824 sacili
2041 782 2274 828 mutatione
2307 784 2351 827 in
2377 787 2493 836 τοῖς
2523 789 2720 828 σοῖσιν

254 857 571 902 emendandum
597 863 676 911 est,
705 856 920 898 invenisse
955 855 1115 898 videor.
1197 855 1350 897 Verbis
1383 857 1479 904 τοῖς
1517 856 1664 896 σοῖσιν
1694 853 1922 909 Polynices
1954 868 2052 897 cum
2081 869 2252 900 sorores
2281 870 2531 914 omnemque
2561 857 2718 914 Oedipi

254 931 486 984 familiam,
527 934 618 971 tum
661 928 730 970 vel
767 927 953 969 maxime
994 941 1041 971 se
1069 928 1210 983 ipsum
1240 927 1455 981 intelligit.
1518 926 1752 981 Usurpavit
1788 940 1891 969 vero
1921 927 2157 982 Sophocles
2197 929 2277 972 1100
2305 943 2538 987 pronomen
2567 931 2718 974 eodem

257 1017 387 1049 sensu
416 1016 502 1046 non
531 1002 668 1045 solum
700 999 805 1044 Oed.
834 1000 939 1056 Reg.
968 1014 1008 1043 v.
1035 1001 1121 1043 415
1150 1000 1225 1044 καὶ
1256 998 1455 1057 λέληθας
1485 997 1650 1053 ἐχθρὸς
1679 996 1740 1041 ὢν
1772 1002 1869 1049 τοῖς
1896 1003 2058 1053 σοῖσιν,
2093 1001 2173 1045 8οᾱ
2203 1003 2333 1046 011001
2357 1017 2396 1047 v.
2429 1005 2560 1060 1448,
2589 1017 2716 1060 quem

255 1089 491 1133 compares.
548 1074 670 1124 Quae
699 1073 842 1116 omnia
872 1073 910 1115 si
939 1087 1043 1116 vera
1071 1077 1182 1129 sunt,
1213 1072 1457 1115 necessario
1489 1071 1620 1113 verba
1646 1070 1707 1129 μὴ
1733 1069 1778 1125 ’ξ
1803 1071 2011 1115 mutanda
2042 1072 2165 1117 nobis
2196 1081 2319 1120 erunt
2349 1077 2393 1120 in
2423 1073 2467 1131 γ’
2500 1075 2568 1129 ἐξ.
2630 1078 2715 1121 Ηο-

255 1152 451 1195 bebimus
477 1147 608 1202 igitur
630 1147 724 1201 jam
753 1146 831 1189 hos
858 1160 1032 1189 versus:

843 1219 939 1262 καὶ
964 1220 1221 1275 μαρτυρῶ
1253 1214 1526 1267 κάκιστος
1556 1214 1869 1271 ἀνθρώπων
1898 1218 2127 1275 τραφεὶς

845 1295 966 1343 τοῖς
993 1296 1177 1335 σοῖσιν
1208 1290 1366 1348 ἥκειν
1395 1283 1540 1332 ἄλλα
1576 1285 1618 1344 y'
1653 1288 1712 1342 ἐξ
1740 1286 1918 1333 ἄλλων
1948 1288 2118 1349 πάθη.

254 1374 280 1416 1.
309 1386 346 1416 0.
390 1378 514 1424 atque
557 1368 745 1422 equidem
789 1368 902 1408 testis
938 1378 1053 1414 sum,
1100 1368 1170 1419 qui
1209 1367 1414 1418 pessimus
1465 1366 1681 1406 hominum
1724 1366 1977 1413 exstiterim,
2023 1368 2106 1408 tuis
2145 1367 2234 1408 alia
2268 1376 2365 1420 post
2411 1370 2499 1411 alia
2539 1374 2719 1413 evenisse

253 1446 381 1489 mala.
436 1443 623 1486 Locutus
671 1443 815 1482 autem
840 1443 955 1482 ‘erat
1004 1438 1186 1495 primum
1232 1437 1286 1480 de
1329 1438 1465 1493 patris
1511 1436 1848 1492 calamitatibus,
1894 1451 2005 1482 nune
2043 1438 2096 1482 de
2140 1439 2275 1494 ipsius
2324 1440 2508 1485 adversa
2550 1444 2720 1487 fortuna

253 1520 443 1563 dicturus
488 1520 566 1557 est.
653 1513 721 1555 Ad
764 1513 874 1555 hanc
916 1513 1142 1556 transitum
1180 1512 1261 1554 sibi
1301 1516 1426 1566 parat
1463 1511 1657 1553 versibus
1699 1524 1829 1565 supra
1872 1525 1899 1552 a
1942 1511 2064 1554 nobis
2096 1512 2324 1569 restitutis,
2368 1517 2582 1559 sententia
2626 1531 2718 1560 ora—

254 1594 414 1637 tionem
441 1601 565 1632 suam
593 1586 786 1641 fulciens,
818 1599 947 1639 quam
977 1600 1018 1628 v.
1051 1585 1160 1628 1398
1176 1598 1239 1638 sq.
1271 1584 1331 1626 ita
1361 1584 1586 1638 exprimit:
1620 1577 1678 1626 ὧν
1709 1581 1794 1637 ἐγώ
1826 1581 2021 1631 μάλιστά
2053 1601 2133 1639 μεν
2163 1585 2242 1642 τὴν
2270 1586 2350 1643 σὴν
2374 1583 2540 1641 Ἐρινὺν
2570 1587 2721 1633 αἰτίαν

252 1661 369 1710 εἶναι
400 1661 526 1716 λέγω.
579 1659 786 1703 Conferas
815 1658 947 1701 etiam
974 1672 1146 1701 versum
1177 1657 1288 1699 1335
1317 1670 1408 1710 sqq.
1463 1655 1633 1712 Repetit
1672 1655 1803 1710 igitur
1842 1655 1973 1713 1111118,
2015 1657 2150 1713 ipsius
2181 1658 2351 1714 culpam
2380 1660 2554 1722 minime
2584 1677 2715 1718 agno-

254 1751 402 1791 scens,
432 1733 576 1778 omnia
604 1732 719 1775 mala
748 1746 828 1774 sua
857 1746 884 1774 a
914 1732 1051 1787 patris
1076 1731 1178 1773 fatis
1208 1730 1297 1784 vel,
1325 1734 1371 1771 ut
1400 1729 1493 1784 ipse
1523 1729 1644 1784 dicit,
1674 1728 1827 1770 Furiis.
1911 1732 2090 1775 Accedit
2117 1731 2225 1774 haec
2252 1732 2471 1788 Polynicis
2502 1737 2718 1781 sententia

255 1811 450 1869 proxime
479 1807 537 1849 ad
566 1820 632 1862 ea,
662 1819 773 1861 quae
807 1805 961 1848 chorus
990 1805 1035 1847 in
1063 1804 1209 1858 Antig.
1238 1818 1306 1846 vv.
1324 1803 1550 1845 593—597
1582 1802 1625 1844 in
1656 1802 1768 1844 hunc
1796 1801 1966 1843 modum
1994 1805 2212 1858 exposuit:
2244 1801 2410 1862 ἀρχαῖα
2444 1806 2500 1850 τὰ
2518 1811 2718 1867 Λαβδα-

253 1886 385 1928 κιδᾶν
424 1879 559 1926 οἴκων
599 1877 779 1935 ὁρῶμαι
809 1877 997 1935 πήματα
1027 1881 1209 1934 φθιτῶν
1249 1876 1328 1920 ἐπὶ
1367 1875 1544 1932 πήμασι
1582 1872 1790 1919 πίπτοντ’
1825 1871 1925 1918 οὐδ’
1959 1873 2241 1921 ἀπαλλάσσει
2270 1879 2419 1934 γενεὰν
2447 1883 2587 1937 γένος,
2615 1881 2717 1928 ἀλλ’

255 1956 428 2012 ἐρείπει
466 1956 589 1997 θεῶν
627 1968 696 2003 τις
734 1947 832 1995 οὐδ’
876 1950 965 2003 ἔχει
1006 1948 1142 1993 λύσιν.
1201 1951 1463 2006 Speraverat
1505 1963 1609 1991 vero
1648 1949 1876 2004 Polynices
1916 1954 2083 2003 patrem
2111 1951 2163 1993 ob
2193 1965 2456 1996 communem
2487 1955 2717 2000 liberorum

253 2033 479 2082 fortunam,
510 2027 630 2069 cuius
659 2027 732 2068 ille
757 2025 852 2080 ipse
882 2025 1168 2067 contraxisset
1199 2025 1381 2078 eulpam,
1412 2022 1581 2065 facilius
1611 2022 1906 2064 misericordia
1935 2029 2188 2065 commotum
2217 2025 2280 2066 iri.

818 2099 866 2139 V.
902 2097 1011 2138 1333
1070 2095 1188 2149 πρὸς
1217 2094 1291 2137 νύν
1320 2112 1370 2138 σε
1402 2096 1617 2150 κρηνῶν
1645 2095 1720 2137 καὶ
1753 2096 1872 2137 θεῶν
1905 2091 2122 2147 ὁμογνίων

1067 2165 1178 2210 αἰτῶ
1209 2168 1441 2211 πιθέσθαι
1471 2166 1546 2209 καὶ
1575 2171 1887 2221 παρεικαθεῖν.

368 2247 425 2290 Hi
463 2258 615 2289 versus
649 2243 790 2287 minus
832 2242 1045 2300 prioribus
1080 2240 1382 2296 interpretibus
1422 2240 1590 2283 suerunt
1633 2239 1843 2296 suspecti,
1889 2255 2013 2295 quam
2060 2242 2386 2299 recentioribus,
2431 2244 2474 2286 in
2522 2245 2718 2290 substan-

254 2323 344 2366 tivo
393 2321 564 2378 κρηνῶν
603 2322 647 2361 et
692 2318 792 2373 jure
844 2316 1018 2371 quidem
1066 2314 1393 2359 offendentibus.
1482 2313 1734 2356 Rectissime
1781 2319 1923 2356 monet
1966 2314 2188 2359 Nauckius
2232 2322 2462 2373 propterea
2498 2318 2577 2361 1100
2623 2319 2719 2363 1000

254 2398 394 2440 100108
443 2391 636 2437 invocari
687 2405 773 2435 non
822 2389 1027 2446 potuisse,
1073 2387 1188 2444 quod
1235 2400 1375 2443 neque
1424 2387 1592 2442 verbis,
1660 2400 1770 2442 quae
1819 2387 2098 2443 antecedant,
2149 2402 2287 2444 neque
2335 2390 2442 2447 illis,
2493 2405 2604 2446 quae
2651 2407 2717 2436 se-

253 2473 459 2524 quantur,
507 2466 597 2508 ulla
624 2464 780 2519 Oedipi
829 2463 996 2519 patriae
1050 2462 1211 2504 inesset
1240 2460 1508 2516 significatio.
1580 2461 1679 2516 Ipse
1710 2460 1948 2502 addiderim
1977 2462 2095 2504 nulla
2123 2463 2288 2506 ratione
2316 2463 2432 2508 Deos
2461 2465 2718 2522 gentilicios,

254 2542 328 2597 qui
357 2541 428 2584 hic
465 2544 508 2583 et
554 2538 639 2595 ipsi
672 2541 1074 2590 commemorantur,
1107 2535 1233 2579 simul
1273 2548 1368 2577 eum
1402 2533 1589 2576 sontibus
1618 2534 1808 2576 invocari
1837 2535 2041 2589 potuisse.
2099 2535 2145 2578 Si
2175 2535 2410 2592 Sophocles
2441 2538 2536 2581 illos
2565 2539 2718 2595 fontes,

254 2614 349 2670 qui,
400 2619 447 2656 ut
475 2611 730 2656 scholiastes
760 2611 1084 2665 interpretatur,
1126 2607 1339 2663 Oedipum
1367 2607 1585 2661 aluerant,
1625 2607 1668 2648 in
1698 2612 1840 2650 mente
1870 2606 2036 2662 11011011,
2081 2621 2164 2651 non
2192 2607 2378 2653 dubitari
2408 2615 2570 2666 potest,
2615 2617 2719 2666 quin

253 2693 368 2731 certe
398 2685 626 2730 articulum
656 2684 726 2727 vel
755 2695 992 2739 pronomen
1022 2681 1317 2737 possessivum
1345 2679 1568 2722 additurus
1596 2680 1734 2723 fuerit.
1809 2681 1866 2722 At
1895 2680 2209 2724 substantivum
2239 2685 2407 2738 κρῆνων
2435 2684 2549 2726 omni
2570 2684 2718 2728 defini-

253 2762 369 2805 tione
403 2759 473 2802 hic
511 2763 575 2801 est
612 2757 874 2800 destitutum.
933 2754 1221 2797 Nihilominus
1260 2752 1503 2795 Meinekius
1544 2754 1710 2808 κρηνῶν
1749 2752 1981 2795 defendere
2020 2759 2198 2797 conatus
2227 2760 2311 2809 est,
2355 2756 2470 2810 quod
2499 2755 2720 2812 ὁμογνίων

253 2832 380 2878 8110111
422 2830 480 2875 ad
519 2831 687 2888 κρηνῶν
726 2827 998 2873 referendum
1037 2827 1102 2871 sit.
1162 2826 1218 2869 At
1257 2837 1490 2879 numquam
1518 2822 1657 2868 adhuc
1685 2824 1916 2880 quidquam
1946 2824 1999 2869 de
2023 2826 2209 2871 fontibus
2239 2827 2469 2883 gentiliciis
2498 2827 2645 2874 audivi
2674 2833 2719 2874 et

253 2904 471 2950 Pindarici
506 2902 611 2958 loci,
648 2902 769 2946 cuius
811 2900 1055 2945 Meinekius
1094 2899 1353 2942 mentionem
1379 2897 1502 2952 feeit,
1541 2910 1715 2954 prorsus
1745 2897 1831 2940 alia
1862 2902 1928 2941 est
1957 2897 2077 2944 rati0.
2134 2899 2244 2943 Nam
2277 2898 2482 2956 σύγγονον
2511 2898 2631 2957 ὕδωρ
2663 2915 2720 2947 ea

253 2983 319 3023 est
362 2990 502 3034 aqua,
545 2988 656 3031 quae
700 2988 795 3018 cum
833 2973 978 3029 aliquo
1015 2972 1196 3016 eandem
1237 2971 1365 3014 habet
1395 2970 1605 3026 originem
1634 2970 1702 3014 vel
1731 2970 1882 3014 eodem
1912 2971 2004 3014 1000
2032 2977 2125 3016 orta
2154 2977 2220 3017 est
2249 2973 2277 3017 i.
2307 2986 2344 3017 e.
2371 2972 2427 3017 ad
2458 2987 2587 3028 quam
2618 2975 2715 3029 quis

255 3056 381 3095 natus
426 3055 492 3095 est
543 3054 586 3093 et
625 3047 826 3092 adolevit.
889 3046 1007 3090 Solet
1053 3051 1197 3089 autem
1236 3044 1477 3087 hominibus
1512 3044 1710 3101 fontium,
1762 3044 1915 3100 quibus
1953 3045 2108 3089 alicubi
2150 3059 2227 3104 per
2256 3046 2424 3104 longius
2455 3049 2718 3105 tempususi

254 3133 375 3180 sunt,
405 3126 614 3167 memoria
643 3125 821 3176 antiqua
850 3136 959 3164 esse.
1019 3121 1161 3170 Quare
1192 3120 1346 3184 ii,'qui
1376 3133 1400 3161 e
1430 3119 1603 3173 regione
1635 3119 1843 3173 quadam,
1872 3121 1978 3173 imo,
2009 3121 2081 3173 qui
2115 3122 2348 3164 morientes
2380 3123 2472 3164 vita
2499 3122 2718 3167 decessuri

253 3206 375 3255 sunt,
411 3199 543 3242 etiam
572 3197 783 3251 sontibus,
813 3202 858 3238 ut
887 3195 1166 3247 Philoctetes,
1197 3194 1331 3249 Ajax,
1369 3193 1485 3248 apud
1514 3192 1767 3235 Schillerum
1803 3193 1962 3247 Virago
1991 3194 2313 3238 Aurelianensis
2343 3195 2598 3239 valedicunt.
2657 3199 2716 3240 At

256 3288 367 3328 quae
397 3271 506 3316 ratio
537 3271 606 3314 hic
631 3271 742 3314 inter
757 3268 967 3324 Oedipum
989 3274 1032 3311 et
1052 3267 1191 3310 sontes
1212 3265 1358 3309 nescio
1380 3280 1484 3319 quos
1507 3265 1770 3309 intercedere
1791 3266 1983 3321 putanda
2012 3268 2101 3310 sit?
2148 3267 2256 3310 Sunt
2275 3268 2337 3310 illi
2367 3268 2505 3312 fontes
2522 3271 2716 3313 Corinthi

256 3348 326 3391 vel
352 3346 536 3400 Thebis,
580 3343 652 3388 ubi
683 3342 875 3398 Oedipus
902 3355 956 3385 ne
984 3340 1173 3384 adolevit
1205 3339 1395 3394 quidem,
1439 3339 1509 3383 vel
1538 3339 1623 3382 illis
1654 3338 1759 3382 locis
1790 3340 2046 3395 quaerendi,
2090 3340 2162 3382 ubi
2201 3341 2343 3397 patria
2372 3344 2495 3385 exsul
2523 3349 2716 3386 extrema

2576 3410 2587 3427 i
