2972 3773
1457 152 1519 199 13

258 283 427 338 integer
457 282 691 338 Sophocles
721 282 942 326 restitutus
971 282 1062 326 8111.
1112 283 1158 326 Si
1180 297 1387 328 memores
1416 298 1563 328 sumus
1585 284 1628 327 in
1646 284 1832 340 Antig.v.
1853 285 1937 328 538
1965 280 2070 327 ἀλλ’
2100 281 2180 327 οὐκ
2213 281 2339 329 ἐάσει
2368 280 2499 328 τοῦτό
2517 280 2559 341 y'
2589 283 2614 343 ἡ
2637 286 2709 331 δι’·

260 373 316 412 κη
342 354 392 397 σὲ
421 368 515 398 811111
551 355 681 398 verbo
713 354 789 399 ἐᾶν
822 368 852 398 a
884 355 1096 412 Sophocle
1130 362 1174 400 et
1209 357 1502 401 accusativum
1538 371 1749 414 personae
1779 363 1823 400 et
1850 358 2143 401 accusativum
2172 358 2234 401 rei
2257 358 2433 413 junctos
2462 371 2582 409 esse,
2624 373 2709 403 nou

258 428 560 483 dubitabimus,
589 429 691 483 quin
721 429 790 473 hic
813 429 1084 473 scribendum
1114 435 1191 473 sit:
1232 427 1329 474 οὐκ
1363 427 1538 487 ἔγωγέ
1576 446 1635 474 σε
1675 425 1788 474 τόδ’
1818 425 1911 474 οὖν
1938 429 2091 475 ἐάσω.
2150 430 2411 486 Saepissime
2436 436 2581 476 autem
2607 428 2711 475 τόδε

259 516 288 546 8
317 501 502 546 librariis
530 501 640 546 falso
668 502 826 546 lectum
855 516 951 547 esse
974 503 1068 558 jam
1095 517 1229 560 supra
1256 504 1543 560 exposuimus.

762 576 811 619 V.
842 577 964 638 1148·
1009 572 1175 629 χῶπως
1206 575 1287 630 μὲν
1315 574 1468 632 άγών
1497 569 1664 628 οὗτος
1694 573 1842 635 ᾑρέθη
1871 576 1917 621 τί
1945 578 2013 620 δεῖ
2040 572 2183 634 μάτην

1012 652 1215 704 κομπεῖν.

375 720 489 765 Sane
526 725 649 766 erant
684 721 831 766 variae
869 735 1047 778 causae,
1094 721 1148 767 ob
1187 736 1295 778 quas
1333 722 1636 780 interpretibus
1673 722 1727 767 de
1757 722 1905 767 horum
1934 735 2135 767 versuum
2162 721 2248 767 fide
2276 722 2555 768 dubitandum
2581 728 2709 768 esset.

260 794 451 838 Primum
479 795 524 838 in
552 810 592 839 v.
625 794 734 838 1148
777 794 889 839 duae
931 795 1126 852 syllabae
1165 795 1405 853 abundant,
1448 796 1654 841 incertum
1695 810 1797 841 vero
1828 800 1915 852 est,
1961 809 2071 851 quae
2101 795 2383 852 expellendae
2409 797 2512 852 sint3
2555 796 2711 841 deinde

261 865 381 924 ἀγών
410 861 539 920 οὗτος
573 867 659 913 11181
693 868 863 925 118111111,
908 881 1037 924 quum
1073 867 1275 913 articulus
1311 869 1593 927 desideretur,
1637 874 1726 913 tum
1763 869 1902 926 prima
1940 869 2111 926 syllaba
2144 868 2265 913 verbi
2300 866 2417 925 ἀγών
2450 869 2593 914 brevis
2631 874 2711 926 est,

259 954 390 996 quum
416 941 625 998 producta
653 954 750 985 esse
780 940 946 986 debeat.
1007 941 1072 985 Ob
1097 941 1177 986 has
1206 956 1357 987 causas
1385 943 1595 987 Heathius
1621 957 1698 1000 pro
1732 940 1849 997 ἀγών
1870 936 1999 993 οὗτος
2019 943 2194 999 scripsit
2219 942 2356 986 solum
2377 938 2511 997 ἁγών,
2551 947 2596 985 81
2611 943 2711 998 jure

259 1015 498 1071 dubitatur,
528 1027 629 1058 num
658 1015 813 1059 Graeci
843 1013 995 1071 α’γῶνα
1027 1011 1170 1069 αἱρεῖν
1206 1016 1349 1060 dicere
1376 1016 1492 1060 soliti
1521 1017 1617 1060 sint.
1675 1016 1897 1059 Nauckius
1927 1016 2067 1071 ejecto
2098 1009 2227 1065 οὗτος
2254 1015 2426 1072 scripsit
2451 1013 2589 1070 ἄγων,
2627 1029 2711 1070 11110

260 1087 488 1144 participio
519 1087 744 1131 Creontem
773 1088 952 1131 indicari
982 1088 1138 1143 voluit,
1165 1090 1379 1132 sententia
1408 1089 1581 1144 quidem
1610 1090 1765 1146 proba,
1807 1089 1885 1132 sed
1911 1089 2007 1144 jure
2037 1102 2065 1130 a
2092 1089 2311 1131 Meinekio
2341 1093 2516 1144 propter
2544 1094 2711 1131 antece-

259 1161 407 1205 dentia-
449 1161 582 1204 verba
625 1157 814 1216 πάρειμ’
861 1155 977 1215 ἄγων
1016 1160 1291 1217 improbatus.
1383 1162 1600 1206 Meinekio
1641 1167 1784 1206 autem
1822 1162 1908 1218 ipsi
1945 1175 1973 1204 a
2011 1162 2221 1218 Sophocle
2266 1156 2433 1215 χῶπως
2466 1158 2546 1214 μὲν
2585 1152 2715 1210 οὗτος

260 1231 428 1292 ᾑρέθη,
472 1233 587 1290 quod
616 1234 710 1290 jam
744 1234 923 1278 Bothius
961 1235 1205 1290 invenerat,
1251 1224 1457 1291 scriptum
1493 1236 1624 1280 fuisse
1664 1235 1895 1279 verisimile
1934 1241 2011 1277 est.
2072 1234 2373 1278 Commendari
2409 1233 2579 1276 videtur
2605 1233 2712 1276 haec

259 1308 505 1364 conjectura
534 1320 599 1363 e0,
630 1306 744 1361 quod
768 1307 934 1362 chorus,
965 1307 1084 1351 cuius
1114 1308 1176 1351 rei
1205 1308 1299 1364 ipse
1328 1309 1570 1352 Meinekius
1609 1314 1790 1364 monuit,
1836 1309 2062 1351 Creontem
2100 1314 2272 1364 captum
2300 1308 2352 1349 iri
2379 1322 2419 1350 v.
2456 1307 2563 1349 1065
2592 1321 2712 1363 prae·
2770 1366 2775 1370 .

259 1381 491 1436 sagiverat.
549 1380 769 1437 Suspicari
798 1381 939 1438 possis
976 1381 1231 1437 Sophoclem
1259 1382 1483 1438 scripsisse
1527 1379 1691 1434 χιῗίπως
1722 1381 1877 1435 Κρέων
1906 1381 1986 1435 μὲν
2014 1379 2171 1439 ᾑρέθη.
2230 1383 2288 1423 Α1
2317 1393 2575 1435 quamquam
2607 1380 2713 1422 11888

261 1455 508 1509 conjectura
539 1454 777 1496 sententiae
814 1454 939 1496 huius
975 1455 1057 1496 loci
1095 1468 1284 1510 congrua
1316 1460 1403 1510 851,
1444 1461 1587 1498 18111811
1628 1461 1959 1497 801158111811811111
1999 1469 2083 1496 11011
2114 1460 2179 1497 851
2206 1460 2377 1509 poetam
2407 1454 2504 1508 ipso
2533 1454 2714 1508 raptoris

261 1528 431 1570 nomine
462 1539 539 1583 pro
574 1527 787 1569 locutione
818 1526 1190 1581 reprehensionem
1217 1528 1431 1582 quandam
1468 1528 1733 1585 exprimente
1772 1527 1834 1570 uti
1863 1528 2077 1569 maluisse.
2133 1527 2380 1569 Putaverim
2414 1526 2545 1580 igitur
2572 1525 2714 1581 potius

263 1598 462 1656 ἀγρεὺς
500 1599 734 1655 antiquitus
776 1613 804 1641 a
843 1599 1054 1656 Sophocle
1088 1600 1293 1657 scriptum
1331 1615 1449 1657 esse,
1495 1602 1608 1656 quod
1651 1601 1810 1643 ironice
1851 1606 1895 1642 et
1933 1600 2224 1655 metaphorice
2251 1600 2306 1642 de
2338 1600 2522 1642 Creonte
2554 1598 2713 1641 dictum

263 1674 598 1730 triumphantem
633 1673 869 1727 Theseum,
909 1670 1029 1716 cuius
1074 1675 1295 1729 promissis
1330 1676 1508 1718 illudere
1539 1675 1712 1718 Creonti
1740 1689 1825 1717 non
1854 1680 2114 1728 contigerat,
2154 1675 2314 1730 optime
2343 1673 2424 1716 hoc
2453 1673 2548 1715 loco
2577 1673 2711 1715 decet.

263 1748 413 1803 Pergit
438 1760 539 1790 vero
568 1747 753 1801 quodam
780 1747 904 1789 modo
934 1747 1013 1789 1108
1043 1748 1310 1791 substantivo
1338 1750 1530 1791 Theseus
1560 1749 1604 1790 in
1635 1762 1685 1790 eo
1714 1749 1916 1802 loquendi
1944 1762 2114 1804 genere,
2146 1747 2261 1801 quod
2289 1761 2387 1789 eum
2416 1746 2470 1789 de
2500 1746 2626 1788 minis
2652 1745 2713 1788 di-

261 1826 431 1865 centem
466 1833 599 1876 5111118
634 1819 819 1863 vidimus
853 1820 1140 1863 adhibentem.
1196 1823 1542 1865 Praeclarissime
1581 1823 1712 1878 igitur
1749 1822 1984 1877 Sophocles
2023 1834 2163 1863 mores
2192 1820 2497 1876 ingeniumque
2526 1819 2641 1875 regis
2669 1824 2712 1862 et

263 1896 389 1938 finxit
417 1898 461 1937 et
490 1894 690 1937 servavit.
746 1893 886 1936 Simili
917 1898 1061 1937 autem
1090 1894 1216 1938 modo
1245 1895 1437 1939 Theseus
1461 1896 1555 1951 jam
1574 1910 1614 1938 v.
1645 1896 1755 1938 1025
1786 1895 1956 1938 dixerat
1984 1897 2124 1949 γνῶθι
2147 1890 2192 1936 δ’
2224 1891 2285 1944 ὦς
2314 1890 2424 1946 ἔχων
2444 1889 2532 1946 ἐξίει
2562 1889 2640 1935 καί
2663 1888 2706 1934 σ’

261 1963 353 2012 εἷλε
382 1962 584 2024 θηρῶνθ’
619 1962 645 2024 ἦ
676 1965 796 2020 τύχη.
850 1966 956 2019 Quis
982 1980 1083 2011 vero
1112 1967 1223 2012 alius
1252 1973 1318 2012 est
1348 1969 1503 2026 θηρῶν
1531 1982 1660 2024 11118111
1690 1964 1714 2012 ὁ
1745 1964 1933 2022 ἅγρεύςῖ

906 2040 956 2083 V.
992 2040 1100 2082 1204
1158 2041 1321 2093 τέκνον,
1351 2044 1537 2097 βαρεῖαν
1564 2037 1767 2099 ἡδονὴν
1798 2041 1990 2085 νικᾶτέ
2018 2057 2073 2092 με

1153 2112 1364 2170 λέγοντες.

375 2189 518 2233 Etiam
551 2188 620 2231 hic
655 2188 796 2243 locus,
840 2186 893 2230 de
930 2200 1013 2241 quo
1050 2188 1263 2243 permulta
1302 2189 1357 2231 ab
1396 2188 1700 2244 interpretibus
1730 2188 1950 2244 disputata
1979 2192 2098 2242 sunt,
2144 2187 2286 2229 adhuc
2315 2191 2492 2229 sanatus
2520 2201 2604 2230 non
2632 2194 2708 2231 est.

262 2265 544 2318 Hermannus,
573 2260 841 2316 Dindorfius,
871 2261 1112 2305 Meinekius
1141 2274 1316 2317 prorsus
1345 2261 1515 2305 silentio
1546 2275 1642 2304 eum
1671 2262 1993 2319 praeterierunt.
2052 2259 2338 2304 Doederlinus
2366 2257 2527 2316 ἡδονὴν
2554 2274 2608 2303 ex
2636 2261 2709 2305 λε’·

261 2353 412 2396 young
440 2335 630 2394 pendere
657 2335 818 2378 statuit.
876 2334 1117 2378 Erfurdtius
1149 2340 1263 2378 recte
1291 2335 1463 2389 quidem
1493 2340 1849 2379 constructionem
1878 2335 1999 2378 verbi
2025 2336 2171 2385 νικᾶν,
2210 2332 2325 2388 1111011
2353 2333 2452 2388 jure
2491 2340 2709 2390 comparat

260 2427 358 2455 cum
390 2411 694 2463 ἐξαιτεῖσθαι,
739 2407 984 2461 indagavit,
1025 2408 1103 2450 sed
1146 2409 1402 2451 sententiam
1448 2409 1557 2452 eruit
1593 2409 1660 2452 his
1701 2410 1844 2452 verbis
1872 2409 2045 2451 minime
2074 2407 2370 2463 significatam.
2435 2407 2600 2450 Venonis
2629 2423 2705 2460 me,

260 2489 451 2545 explicat
477 2482 740 2535 Erfurdtius,
781 2489 1071 2534 extorquentes
1109 2484 1300 2524 oracione
1328 2490 1467 2525 vestra
1497 2497 1604 2530 rem,
1635 2484 1749 2525 vobis
1780 2484 1944 2536 quidem
1977 2483 2230 2535 jucundam,
2266 2482 2367 2522 mihi
2405 2494 2502 2522 vero
2539 2495 2706 2535 per-mo-

263 2567 417 2606 lestam.
481 2555 594 2599 Huic
631 2553 910 2610 explicationi
948 2553 1199 2610 adstipulati
1238 2558 1336 2597 sunt
1368 2554 1611 2598 Wunderus
1650 2560 1694 2599 et
1730 2554 2095 2598 Schneidewinus,
2155 2554 2212 2597 At
2251 2552 2354 2607 quid
2382 2554 2611 2608 respondet
2635 2555 2705 2601 hic

260 2634 451 2690 Oedipus
490 2645 518 2673 a
555 2629 725 2671 filiabus
761 2632 956 2683 rogatus,
995 2631 1042 2670 ut
1086 2627 1237 2682 filium,
1282 2641 1408 2682 quem
1438 2628 1655 2685 vituperat
1681 2633 1811 2683 atque
1840 2628 1948 2684 odit,
1987 2627 2219 2671 exaudiat?
2303 2626 2361 2670 Ut
2388 2639 2499 2670 nunc
2531 2629 2705 2682 quidem

261 2708 395 2752 verba
420 2705 632 2759 leguntur,
662 2700 769 2744 nihil
798 2699 927 2755 aliud,
957 2713 1085 2754 quam
1114 2700 1225 2743 filias
1254 2701 1369 2756 patri
1394 2701 1618 2745 molestam
1643 2702 1907 2758 voluptatem
1936 2701 2126 2745 oratione
2155 2713 2233 2743 sua
2264 2703 2528 2753 extorquere.
2584 2702 2705 2748 Haec

259 2782 459 2836 voluptas
491 2779 633 2820 utrum
665 2772 803 2830 patris
837 2786 894 2816 an
923 2772 1105 2817 filiarum
1137 2774 1234 2818 est?
1292 2774 1350 2817 At
1387 2773 1457 2818 hic
1486 2774 1627 2819 nullus
1658 2788 1796 2819 sermo
1825 2778 1891 2818 est
1919 2773 1972 2817 de
1999 2773 2087 2817 ulla
2115 2771 2335 2829 voluptate
2363 2775 2439 2815 aut
2465 2775 2601 2831 patris
2629 2784 2706 2823 aut

258 2856 455 2900 filiarum.
514 2850 668 2894 Nonne
697 2847 827 2892 etiam
865 2846 1100 2903 sororibus,
1141 2847 1415 2902 quantumvis
1443 2848 1738 2892 misericordia
1766 2852 1999 2892 commotae
2029 2851 2193 2902 essent,
2221 2846 2449 2903 Polynices
2478 2850 2706 2906 reprehen—

260 2931 382 2975 sione
411 2939 540 2982 quam
570 2921 828 2980 gravissima
855 2921 1011 2978 dignus
1039 2922 1163 2966 erat?
1213 2922 1406 2978 Accedit,
1435 2922 1550 2977 quod
1578 2922 1758 2968 orationi
1788 2922 1841 2966 iis
1870 2921 2023 2977 verbis,
2053 2933 2163 2977 quae
2192 2919 2409 2966 codicibus
2437 2922 2705 2984 exhibentur,

260 3001 467 3056 servatis,
497 3011 627 3054 58118,
656 2994 771 3051 quod
798 3000 913 3040 recte
942 2995 1144 3050 cognovit
1172 2995 1542 3051 Schneidewinus,
1571 3008 1825 3052 oxymoron,
1856 2994 1968 3049 quod
1997 2999 2172 3049 vocant,
2216 2994 2389 3038 inesset.
2445 2996 2552 3049 Quis
2580 3004 2705 3056 putet

260 3077 474 3132 Oedipum
506 3071 589 3116 hoc
632 3068 804 3125 quidem
847 3073 1038 3125 tempore
1076 3068 1155 3113 tali
1190 3068 1329 3125 figura
1362 3082 1535 3114 usurum
1563 3068 1729 3113 fuisse?
1784 3068 2032 3130 Hartungus
2062 3081 2112 3112 eo
2142 3066 2439 3113 difficultatem
2466 3069 2592 3116 huius
2621 3073 2705 3118 loci

260 3149 486 3194 sustulisse
514 3145 598 3189 sibi
623 3143 805 3198 videtur,
834 3141 948 3197 quod
975 3138 1135 3200 ἡδονὴν
1164 3142 1279 3186 1118111
1305 3156 1402 3186 8558
1431 3147 1559 3197 8111118
1584 3139 1709 3197 χάριν
1742 3142 1902 3185 51811111.
1951 3143 2009 3185 Α1
2033 3141 2079 3185 111
2106 3142 2315 3197 exemplis
2345 3143 2385 3185 ei
2414 3143 2704 3191 demonstran-

262 3222 364 3266 dum
390 3223 496 3264 erat.
580 3217 666 3261 Vix
691 3215 847 3270 dignus
877 3219 963 3270 est,
1003 3215 1076 3269 qui
1103 3219 1471 3271 commemoretur,
1505 3214 1784 3270 Blaydesius,
1813 3214 1886 3268 qui
1913 3214 2046 3256 nimia
2075 3214 2258 3257 audacia
2285 3215 2489 3271 abreptus
2517 3221 2707 3274 βαρεῖαν

262 3294 315 3353 δὴ
348 3290 477 3350 χάριν
501 3291 595 3336 sive
626 3286 750 3335 δόσιν
774 3292 939 3333 mutare
968 3288 1114 3333 voluit.
1172 3289 1323 3344 Recte,
1352 3301 1610 3343 quamquam
1638 3300 1810 3344 severe,
1847 3287 1901 3332 de
1931 3288 2046 3332 omni
2074 3287 2297 3345 Blaydesii
2326 3287 2514 3334 editione
2543 3291 2706 3349 Sopho·

261 3368 341 3412 8115
367 3365 581 3423 judicavit
609 3362 867 3408 Ritschelius
894 3364 942 3406 de
971 3364 1131 3406 cantico
1164 3361 1287 3416 Soph.
1322 3361 1419 3404 Oed.
1446 3362 1529 3404 Col.
1558 3375 1599 3418 p.
1622 3362 1722 3405 XII.
1771 3361 1891 3405 Nihil
1916 3362 2046 3418 igitur
2074 3367 2220 3419 restat,
2249 3375 2376 3416 quam
2405 3369 2452 3407 ut
2481 3364 2566 3421 ipsi
2595 3366 2709 3411 huuc
