2972 3773
1456 255 1517 300 14

246 378 544 434 difficillimum
568 389 707 430 locum
736 387 1050 430 emendandum
1079 390 1378 445 suscipiamus.
1428 389 1607 432 Videtur
1625 394 1769 432 autem
1789 389 2025 445 Sophocles
2054 405 2100 434 re
2131 404 2238 434 vera
2256 404 2342 433 non
2364 387 2524 446 ἡδονὴν
2543 393 2706 449 νικᾶτε,

247 463 326 508 sed
356 455 523 521 ἧτταν
552 458 809 502 ἕκνικᾶτε
846 459 1093 516 scripsisse3
1132 452 1243 519 ἧττα
1271 475 1375 506 vero
1404 461 1659 519 saepissime
1688 466 1918 518 usurpatur
1955 461 2010 506 de
2038 462 2245 518 obsequio
2273 462 2320 506 in
2346 461 2527 506 aliorum
2557 464 2704 509 volun-

247 541 393 592 tatem,
424 533 541 577 velut
569 532 790 576 Demosth.
820 547 863 589 p.
894 533 1018 588 1486,
1048 534 1097 588 33
1136 534 1249 577 Plut.
1279 535 1396 578 Brut.
1427 536 1476 590 6,
1515 549 1623 590 quos
1663 535 1781 578 locos
1810 534 1985 590 quintae
2021 533 2206 580 editioni
2237 535 2320 580 lex.
2348 535 2526 580 Passov.
2554 536 2704 583 debeo.

247 611 362 652 Dicit
400 607 530 663 igitur
557 605 772 662 Oedipus:
822 608 953 650 durch
991 621 1090 650 euer
1117 608 1257 651 Reden
1294 610 1448 662 ποίησε
1489 611 1558 651 ilar
1586 611 1670 651 mir
1697 611 1764 651 ein
1793 607 2032 662 Nachyeben
2061 609 2137 657 ab,
2184 610 2261 652 das
2293 610 2377 652 miv·
2400 611 2557 653 schwer
2582 612 2704 656 wird.

249 685 446 727 Ceterum
474 684 520 722 ut
552 677 787 734 intelligas,
819 692 1050 733 quamnam
1077 693 1167 724 rem
1197 675 1358 738 ἡδονὴν
1386 680 1529 725 dicere
1560 680 1701 737 liceat,
1731 680 1925 725 conseras
1956 679 2085 738 Soph.
2116 681 2250 726 Elect.
2280 696 2320 726 v.
2350 680 2434 725 873
2460 694 2553 738 sqq.

808 751 858 796 V.
890 752 999 794 1209
1059 745 1094 795 ὦ
1128 753 1316 809 πρέσβυ,
1344 758 1534 808 κομπεῖν
1564 750 1612 797 δ’
1646 749 1742 808 οὗχὶ
1771 753 1993 810 βούλομαι
2022 753 2081 798 δέ
2117 769 2175 798 σε

1056 827 1159 868 σιῖν
1187 820 1331 874 ἴσθι,
1361 823 1438 870 ἐάν
1466 843 1551 882 περ
1583 823 1698 882 κᾶμέ
1725 842 1794 878 τις
1824 824 1944 885 σώζῃ
1973 829 2105 870 θεῶν.

358 903 424 944 Ne
439 900 495 943 de
510 899 578 943 his
593 897 764 953 quidem
780 897 973 941 versibus
990 896 1093 951 quid
1108 912 1134 941 a
1151 897 1362 955 Sophocle
1379 899 1583 956 scriptum
1605 898 1662 944 sit
1675 899 1816 943 adhuc
1830 900 2066 944 constabat.
2108 900 2191 944 Pro
2208 899 2258 944 δέ
2273 916 2335 953 σε,
2352 900 2466 957 quod
2482 901 2706 947 Diudorfio

242 980 354 1019 teste
384 975 429 1016 in
456 974 583 1016 Laur.
613 972 651 1014 A
688 970 1022 1027 superscriptum
1058 978 1145 1026 est,
1181 971 1311 1015 etiam
1351 970 1405 1015 σὺ
1444 972 1492 1017 δὲ
1532 972 1651 1016 libris
1691 973 1926 1017 exhibetur.
1982 974 2082 1018 Jam
2111 974 2199 1017 Jos.
2230 973 2447 1031 Scaliger,
2487 976 2554 1019 cui
2589 975 2701 1019 inter

244 1049 411 1106 priores
442 1046 628 1090 editores
648 1043 872 1099 Heathius,
903 1044 1189 1100 Musgravius,
1220 1045 1474 1103 Brunckius,
1504 1046 1614 1090 inter
1643 1045 1902 1091 recentiores
1922 1045 2168 1090 Dindorfius
2197 1051 2241 1090 et
2260 1046 2502 1092 Wunderus
2535 1048 2703 1092 assensi

244 1126 356 1177 sunt,
386 1126 497 1164 teste
525 1118 814 1162 Valckenario
844 1117 917 1168 (ad
946 1117 1093 1175 Eurip.
1115 1119 1244 1176 Hipp.
1266 1133 1307 1162 v.
1328 1120 1432 1174 304)
1456 1121 1546 1170 σῶς
1574 1114 1675 1162 ἴσθ’
1706 1133 1783 1176 pro
1814 1120 1903 1162 σῶν
1932 1117 2033 1163 ἴσθι
2059 1119 2189 1164 scribi
2211 1120 2416 1176 jusserat.
2473 1121 2702 1177 Reisigius‚

247 1210 374 1251 quem
404 1194 675 1237 Hermannus
710 1196 882 1235 secutus
913 1196 1001 1248 est,
1040 1190 1089 1234 σὲ
1119 1191 1167 1234 δὲ
1197 1195 1286 1235 σῶν
1313 1189 1430 1244 ἴσθ’,
1474 1192 1824 1236 Schneidewinus
1864 1192 1916 1235 σὺ
1948 1191 1997 1236 δὲ
2027 1195 2117 1237 σιῖν
2146 1189 2188 1236 σ’
2222 1190 2320 1236 ἴσθ’
2354 1194 2555 1250 conjecit,
2598 1195 2700 1239 Mei·

243 1269 399 1314 nekius
429 1266 674 1310 dubitanter
702 1265 924 1322 proposuit
956 1264 1004 1309 σὲ
1034 1263 1082 1307 δὲ
1112 1267 1202 1309 σῶν
1230 1260 1317 1307 οἶδ’
1352 1262 1517 1321 ἐάνπερ
1547 1267 1616 1309 vel
1648 1265 1701 1310 σὺ
1732 1264 1781 1309 δὲ
1808 1267 1897 1317 σῶς
1917 1261 1977 1308 ὢν
1997 1262 2194 1319 aeduos&
2246 1262 2299 1325 ’ἢν
2327 1264 2444 1321 κάμέ
2472 1283 2542 1318 τις
2583 1266 2703 1328 σώζῃ

244 1345 374 1387 θεῶν.
415 1338 631 1395 Bergkius
662 1339 808 1394 verba,
838 1337 891 1380 de
913 1337 1066 1392 quibus
1097 1338 1276 1392 agimus,
1307 1338 1363 1380 ad
1387 1339 1686 1381 antecedentia
1715 1339 1933 1382 attrahens
1964 1343 2154 1392 κομπεῖν
2183 1337 2228 1381 δ’
2262 1336 2370 1391 οὐχί,
2402 1341 2624 1395 βούλομαι
2653 1341 2705 1387 δέ

243 1432 291 1459 σε
320 1418 427 1464 σῶν,
456 1410 575 1469 ἴσθ’,
606 1410 768 1466 ἐάνπερ
790 1436 847 1442 —-
876 1411 1072 1467 conjecit.
1115 1412 1254 1463 Quum
1285 1411 1335 1454 δέ
1364 1427 1413 1454 σε
1442 1412 1656 1468 scriptura
1684 1413 1843 1455 codicis
1873 1413 1998 1455 Laur.
2020 1413 2070 1454 A.
2102 1413 2169 1467 sit,
2200 1412 2385 1455 dubitari
2408 1413 2568 1468 nequit,
2599 1413 2701 1468 quin

241 1490 284 1532 in
305 1488 438 1532 verba
458 1485 506 1527 σὲ
529 1484 578 1527 de*
602 1485 716 1541 prior
734 1485 882 1528 horum
905 1497 1104 1527 versuum
1126 1498 1277 1527 revera
1297 1484 1462 1539 exierit,
1492 1485 1764 1541 participium
1796 1483 1854 1528 ὢν
1883 1491 2026 1528 autem
2047 1498 2073 1527 a
2094 1485 2315 1529 Dindorfio
2344 1486 2514 1529 demum
2536 1487 2702 1529 illatum

240 1560 468 1605 delendum
495 1559 561 1601 sit.
624 1558 802 1600 Sublato
833 1564 975 1600 autem
1002 1558 1229 1613 participio
1259 1557 1332 1600 illo
1363 1558 1494 1600 etiam
1524 1559 1649 1601 lectio
1681 1561 1769 1607 σῶς
1810 1554 1911 1601 ἴσθ’
1943 1558 2112 1601 sublata
2136 1563 2213 1602 est.
2272 1559 2385 1602 Nam
2415 1559 2699 1602 certissimum

241 1637 308 1675 est
339 1630 572 1674 secundum
592 1630 855 1686 syntacticas
887 1630 1006 1685 leges
1032 1630 1239 1674 sermonis
1261 1630 1406 1685 graeci
1438 1633 1526 1681 σῶς
1554 1626 1650 1673 ἴσθ’
1682 1630 1765 1673 nisi
1788 1628 1849 1673 ὢν
1877 1629 2023 1673 addito
2043 1630 2217 1674 retineri
2238 1645 2322 1675 non
2346 1644 2484 1687 posse.
2533 1632 2702 1675 Deinde

240 1705 454 1760 scriptura
483 1701 533 1746 σὲ
563 1701 612 1747 δὲ
643 1705 732 1746 σῶν
758 1699 864 1747 ἴσθ’
895 1704 1025 1759 plane
1055 1702 1227 1759 ingenio
1256 1702 1432 1759 liuguae
1464 1717 1646 1759 graecae
1674 1709 1906 1760 repugnat,
1939 1702 2053 1757 quod
2082 1703 2191 1747 bene
2224 1717 2252 1746 a
2282 1703 2499 1747 Meinekio
2527 1704 2701 1748 demon-

240 1783 421 1822 stratum
456 1781 534 1820 est.
594 1776 814 1820 Habemus
855 1777 987 1831 igitur
1025 1777 1262 1833 optionem,
1303 1782 1443 1819 utrum
1480 1774 1529 1819 σὲ
1571 1776 1619 1820 δὲ
1650 1790 1706 1819 an
1737 1777 1825 1818 σῶν
1854 1772 1956 1820 ἴσθ’
1987 1769 2210 1820 mutemus.
2267 1777 2335 1820 De
2360 1777 2573 1821 sententia
2599 1790 2702 1822 vero

243 1851 369 1895 huius
398 1850 481 1894 loci
510 1850 584 1893 vix
614 1849 801 1894 dubitari
830 1850 997 1907 poterit.
1060 1850 1253 1894 Theseus
1289 1850 1501 1907 promissa
1524 1850 1618 1906 jam
1649 1855 1779 1893 antea
1807 1849 1925 1893 edita
1954 1849 2147 1906 repetere
2176 1850 2326 1894 nolens
2357 1849 2567 1907 Oedipum
2597 1865 2624 1894 a
2653 1865 2702 1896 se

239 1930 457 1970 servatum
486 1924 538 1967 iri
567 1923 763 1980 affirmat,
794 1924 831 1967 si
858 1924 951 1981 ipse
982 1923 1154 1980 quidem
1183 1939 1210 1967 a
1240 1924 1335 1967 Diis
1365 1930 1568 1967 servetur.
1625 1925 1723 1968 Jam
1753 1937 1881 1978 quum
1911 1923 2182 1968 accusativus
2213 1922 2262 1967 σέ
2290 1924 2347 1967 ad
2368 1924 2545 1968 verbum
2564 1930 2702 1969 trans-

239 2000 391 2044 itivum
430 1997 645 2055 pertinere
684 1997 900 2054 videatur,
941 1999 1027 2041 tale
1057 1999 1233 2042 verbum
1265 1998 1321 2041 sit
1351 1997 1581 2052 insequens
1611 1998 1750 2056 σώζῃ,
1790 1998 2004 2054 particula
2030 1997 2105 2040 καὶ
2134 2003 2235 2041 ante
2265 1997 2344 2053 ἐμὲ
2367 1998 2511 2054 posita
2542 1998 2700 2042 indice-

241 2077 309 2116 tur
337 2070 387 2116 σὲ
418 2070 569 2115 eodem
598 2070 779 2115 fortasse
806 2073 937 2115 verbo
969 2078 1129 2115 rectum
1159 2072 1305 2128 fuisse,
1333 2071 1604 2114 antecedenti
1634 2071 1857 2126 βούλομαι
1889 2072 2063 2114 verbum
2094 2071 2287 2127 eJusdem
2307 2085 2518 2128 personae
2539 2073 2701 2129 optime

239 2144 520 2202 respondeat,
550 2150 714 2188 retento
745 2145 920 2199 quidem
954 2142 1054 2188 ἴσθ’
1088 2158 1258 2200 omnes,
1289 2157 1399 2199 quae
1430 2144 1600 2187 omnino
1631 2144 1866 2199 excogitari
1896 2149 2112 2200 poterant,
2149 2146 2419 2200 conjecturae
2451 2146 2700 2201 propositae

238 2219 337 2275 siut,
366 2218 484 2262 nulla
503 2230 605 2261 vero
625 2230 771 2261 earum
792 2231 847 2262 ex
867 2218 982 2261 omni
1002 2224 1125 2274 parte
1150 2218 1409 2260 satisfaciat:
1445 2218 1578 2260 verba
1598 2219 1686 2258 σῶν
1708 2213 1805 2259 ἴσθ’
1830 2217 2068 2272 depravata
2085 2222 2128 2260 et
2148 2231 2225 2272 pro
2251 2217 2318 2260 his
2340 2232 2405 2272 ea,
2427 2231 2538 2272 quae
2557 2219 2699 2261 litera-

238 2307 331 2336 rum
351 2289 628 2335 similitudine
655 2292 850 2346 proxime
871 2292 927 2334 ad
958 2292 1033 2335 illa
1063 2292 1283 2345 accedunt,
1321 2287 1481 2334 σώσω
1513 2287 1555 2346 7'
1589 2290 1815 2333 scribenda
1842 2304 1936 2333 esse
1968 2304 2133 2333 cense0.
2184 2291 2450 2346 Saepissime
2479 2297 2621 2334 autem
2654 2297 2698 2335 et

237 2365 411 2422 quidem
450 2378 546 2408 cum
588 2363 631 2407 vi
672 2364 817 2420 aliqua
844 2365 1141 2409 affirmationis
1172 2365 1407 2421 Sophocles
1439 2364 1691 2420 particulam
1724 2380 1771 2419 γε
1803 2363 1860 2406 ad
1887 2365 2030 2407 sutura
2057 2363 2243 2420 addidit,
2281 2365 2399 2407 velut
2429 2364 2468 2407 h.
2500 2364 2527 2408 f.
2559 2379 2599 2408 v.
2631 2366 2698 2422 79,

237 2435 346 2479 Phil.
383 2451 422 2478 v.
451 2437 556 2492 660,
602 2437 706 2481 Oed.
738 2439 842 2494 Reg.
873 2454 912 2483 v.
943 2439 1039 2481 347).
1103 2438 1161 2482 Ut
1205 2439 1274 2481 hic
1321 2438 1375 2481 de
1407 2451 1454 2480 se
1494 2437 1587 2493 ipse
1630 2437 1824 2480 Theseus
1865 2435 1998 2479 σώσω
2033 2437 2157 2493 dicit,
2201 2438 2264 2480 ita
2296 2438 2540 2493 Antigonae
2578 2439 2700 2483 licuit

235 2523 275 2552 v.
309 2510 417 2552 1117
448 2509 663 2553 Theseum
694 2507 718 2554 ὁ
752 2508 905 2564 σώσας
933 2512 1167 2568 appellare.
1226 2511 1375 2554 Scribo
1405 2511 1536 2565 igitur
1566 2510 1676 2552 hunc
1706 2510 1844 2553 locum
1874 2509 1955 2552 sic:
1995 2509 2055 2553 σὲ
2085 2509 2143 2553 δὲ
2179 2507 2337 2554 σώσω
2377 2508 2444 2567 γ’,
2488 2510 2698 2568 ἐάνπερ

236 2580 380 2638 κάμέ
420 2598 508 2633 τις
538 2580 684 2641 σώζῃ
717 2587 828 2628 θεῶ
839 2601 874 2627 ν.
937 2587 1033 2629 Non
1064 2591 1168 2642 puto
1200 2598 1457 2641 quemquam
1490 2583 1674 2640 amplius
1701 2582 1756 2626 de
1784 2583 1994 2639 scriptura
2022 2583 2147 2627 huius
2177 2583 2258 2627 loci
2288 2583 2482 2628 dubitare
2510 2597 2651 2641 posse.

802 2658 851 2701 V.
886 2659 994 2702 1249
1050 2657 1127 2701 καὶ
1156 2657 1242 2716 μὴν
1271 2654 1348 2701 ὅδ’
1380 2653 1496 2715 ἡμῖν,
1524 2655 1583 2708 ὡς
1611 2654 1764 2713 ἔοικεν,
1794 2652 1818 2699 ὁ
1849 2654 1972 2707 ξένος

1056 2729 1270 2786 ἀνδρῶν
1302 2747 1360 2787 γε
1386 2732 1616 2785 μοῦνος,
1644 2725 1679 2772 ὦ
1710 2726 1865 2783 πάτερ,
1897 2726 1957 2771 δι’
1987 2727 2189 2784 &ganatos

1049 2801 1236 2846 ἀστακτὶ
1269 2803 1428 2858 λείβων
1458 2801 1645 2857 δάκρυον
1675 2794 1755 2843 ὧδ’
1790 2800 2034 2855 ὁδοιπορεῖ.

347 2875 538 2919 Facilius
577 2889 672 2920 esse
711 2882 823 2921 totos
860 2891 1011 2922 versus
1050 2878 1277 2933 damnare,
1322 2889 1451 2932 quam
1492 2888 1646 2918 sanare
1688 2874 1814 2917 huius
1853 2874 1935 2917 loci
1964 2875 2160 2931 exemplo
2189 2875 2357 2918 ostendi
2386 2881 2539 2931 potest.
2597 2878 2695 2920 Non

235 2962 462 3006 possumus
488 2962 574 2991 non
604 2963 733 3004 quam
762 2951 1138 2994 vehementissime
1158 2951 1315 3004 dolere,
1344 2948 1458 3004 quod
1487 2948 1611 2991 huius
1633 2948 1792 2991 aetatis
1815 2947 1962 3003 critici,
1992 2948 2029 2991 si
2049 2948 2265 2992 hebetiore
2286 2949 2504 2993 oculorum
2522 2963 2695 2993 suorum

235 3022 327 3065 acie
357 3021 554 3078 impediti
583 3022 745 3066 nullam
774 3029 847 3067 aut
876 3024 1133 3068 emendandi
1164 3029 1238 3067 aut
1265 3020 1573 3078 interpretandi
1615 3021 1727 3064 viam
1749 3021 1843 3077 jam
1883 3019 2030 3064 vident
2067 3021 2295 3078 reliquam,
2334 3022 2479 3066 statim
2521 3023 2579 3066 ad
2620 3022 2694 3066 da·

236 3095 469 3138 mnandum
494 3096 637 3151 parati
667 3103 776 3140 sunt.
818 3097 910 3141 Hos
938 3098 1052 3142 viros
1083 3097 1181 3153 plus
1211 3110 1364 3140 nocere
1393 3095 1540 3149 literis,
1570 3107 1699 3150 quam
1726 3094 1933 3151 prodesse
1960 3094 2064 3137 mihi
2094 3099 2159 3137 est
2180 3095 2568 3151 persuasissimum.
2607 3095 2693 3139 Ad-

238 3172 357 3210 notat
384 3167 440 3209 ad
468 3168 602 3210 verba
632 3164 807 3222 ἀνδρῶν
837 3186 884 3224 γε
913 3173 1088 3224 μοῦνος,
1118 3185 1218 3213 nam
1249 3170 1315 3212 his
1343 3169 1456 3211 inest
1476 3167 1718 3222 difficultas,
1745 3166 2008 3209 Meinekius:
2039 3176 2144 3210 reete
2171 3170 2249 3209 hoc
2276 3169 2437 3210 dicendi
2464 3181 2592 3222 yemis
2622 3182 2694 3211 su-

236 3248 420 3294 spectam
448 3242 534 3282 viri
559 3243 682 3284 docti.
748 3243 899 3285 Tolum
928 3257 1094 3286 versum
1123 3245 1328 3286 dammam
1357 3242 1604 3296 ,Dindorfius
1632 3248 1668 3283 et
1698 3239 1926 3283 Nauckius.
1975 3239 2097 3283 Dixit
2125 3252 2228 3283 vero
2247 3238 2516 3283 Dindorfius:
2544 3244 2693 3295 9εηὶιί-

232 3325 311 3357 vus
354 3308 567 3367 ἀνδρῶν
610 3315 661 3356 ab
701 3317 924 3367 ιιοῦνος,
970 3318 1082 3370 quod
1116 3330 1200 3370 pro
1239 3312 1534 3370 μονωθεὶς
1568 3315 1723 3355 dictum
1761 3315 1839 3362 sit,
1883 3315 2060 3366 pendere
2090 3314 2283 3355 creditur.
2364 3313 2487 3363 Quod
2521 3314 2692 3356 Graecis

231 3386 450 3429 lectoribus
491 3398 578 3428 non
616 3387 739 3441 facile
768 3396 860 3432 erae
902 3391 946 3431 in
975 3397 1150 3432 mentem
1182 3397 1415 3431 venturum.
1473 3387 1581 3430 Mihi
1619 3394 1752 3429 totum
1789 3388 1866 3428 hoc
1895 3381 2113 3441 ἀνδρῶν
2144 3400 2200 3440 γε
2228 3387 2433 3438 μοῦνος
2461 3388 2692 3440 interpola-

231 3467 318 3501 tore
344 3470 509 3500 versum
542 3460 742 3513 defectum
772 3463 961 3515 explente
990 3465 1157 3517 dionius
1187 3463 1373 3509 vitietur,
1417 3473 1543 3515 quam
1578 3459 1789 3512 Sophocle.
1849 3458 2026 3502 Cautius
2057 3457 2302 3502 Nauekius:
2343 3459 2421 3502 Die
2459 3459 2594 3527 Wprle
2622 3455 2693 3510 ὠς
