2972 3773
1457 122 1485 167 8

793 250 843 293 V.
877 251 963 294 335
1020 249 1063 295 οὶ
1094 247 1139 295 δ’
1174 248 1457 308 αὗθόμαιμοι
1486 256 1577 297 ποῦ
1608 253 1777 298 νεανίαι
1809 256 2026 305 πονεῖν;

1018 319 1116 370 εἷ’σ’
1150 316 1324 381 οὗπερ
1353 323 1492 371 εἶσί·
1527 325 1652 372 δεινὰ
1681 322 1726 371 δ’
1763 325 2017 378 ἐκείνοις
2046 326 2100 371 τὰ
2132 329 2220 371 νῦν.

345 398 598 444 Rectissime
626 397 822 453 plerique
852 397 1039 442 editores
1068 398 1114 442 in
1142 400 1457 444 constructione
1487 401 1682 445 adverbii
1714 404 1825 452 ποῦ,
1867 400 1987 444 cuius
2026 400 2120 444 loco
2149 400 2204 457 gin
2234 401 2362 444 Laur.
2392 402 2444 445 A.
2473 402 2585 447 falso
2618 408 2702 449 ποῖ

233 473 409 531 legitur,
448 471 502 515 ob
543 475 795 526 sequentem
834 471 1091 516 infinitivum
1130 477 1284 516 πονεῖν
1313 474 1605 531 offenderunt,
1650 474 1809 518 nemini
1852 487 1953 518 vero
1984 473 2067 517 huc
2095 486 2231 529 usque
2260 488 2430 517 omnem
2460 474 2585 519 huius
2615 477 2700 523 loci

231 546 527 592 difficultatem
559 543 739 601 contigit
774 545 936 588 tollere.
992 546 1144 601 Neque
1182 547 1297 588 enim
1333 545 1383 588 τὸ
1415 550 1489 589 νῦν
1517 561 1659 604 neque
1689 549 1857 598 πονῶν,
1902 559 2013 602 quae
2050 548 2183 590 verba
2223 547 2397 603 quidam
2436 562 2514 604 pro
2546 552 2699 592 πονεῖν

231 619 489 665 substituere
521 617 742 674 volebant,
771 618 1053 661 satisfaciunt.
1106 620 1198 661 Nec
1236 619 1472 661 infinitivus
1513 625 1667 663 πονεῖν
1697 621 1754 663 ad
1783 621 2097 663 substantivum
2126 619 2299 663 νεανίαι
2330 619 2415 664 alio
2444 619 2570 664 modo
2595 620 2698 665 addi

231 696 412 752 poterat,
443 703 574 747 quam
609 690 786 746 adjecta
813 691 1132 747 praepositione
1163 689 1238 741 εἷς,
1268 692 1382 745 quod
1411 692 1552 747 ipsum
1583 707 1611 735 a
1630 692 1843 749 Sophocle
1874 709 1916 736 v.
1941 692 2050 736 1368
2081 686 2175 735 αἵδ’
2208 687 2379 748 ἄνδρες,
2412 689 2463 736 οὗ
2495 695 2699 749 γυναῖκες

232 765 298 819 εἷς
323 765 375 809 τὸ
404 768 649 819 συμπονεῖν
677 763 836 807 factum
864 768 939 806 est.
994 764 1134 815 Quum
1164 764 1217 807 ob
1245 779 1284 806 v.
1314 766 1399 806 342
1440 760 1515 815 οὓς
1551 764 1631 819 μὲν
1671 763 1792 816 εἰκὸς
1823 760 1872 823 ἦν
1900 770 2053 809 πονεῖν
2079 761 2183 809 τάδε
2207 764 2385 810 verbum
2416 768 2568 809 πονεῖν
2596 764 2695 809 reti·

231 839 419 883 nendum
448 850 547 880 esse
578 837 862 879 certissimum
892 837 959 890 sit,
988 836 1094 879 nihil
1124 836 1293 881 facilius
1325 851 1421 881 esse
1453 838 1622 882 videtur
1651 838 1708 881 ad
1738 839 2097 882 constructionem
2115 838 2351 894 legitimam
2372 837 2695 895 restituendam,

230 925 360 968 quam
378 907 567 952 ’πόνουν
606 910 805 952 scribere.
855 908 907 950 Id
936 908 1130 964 Oedipus
1168 923 1374 963 quaerere
1415 911 1606 965 volebat,
1636 925 1721 965 qua
1748 925 1795 953 re
1824 912 1984 954 factum
2020 911 2098 967 sit,
2137 916 2183 954 ut
2211 911 2381 955 Ismene
2410 923 2549 965 neque
2579 923 2694 966 vero,

232 999 341 1044 quos
371 986 722 1040 exspectaverat,
762 981 841 1023 filii
883 995 977 1023 cum
1017 981 1092 1024 illo
1128 983 1276 1025 nuntio
1315 983 1534 1028 venissent
1600 984 1889 1039 Interrogavit
1923 983 2077 1040 igitur',
2116 997 2202 1039 qua
2236 983 2281 1027 in
2311 996 2357 1027 re
2387 982 2464 1027 filii
2495 982 2693 1040 occupati

229 1064 388 1104 essent.
445 1058 713 1110 Quamquam
737 1056 830 1110 jam
861 1055 1059 1111 fortasse,
1090 1070 1220 1110 quum
1251 1059 1292 1099 in
1324 1059 1463 1113 aliqua
1493 1075 1537 1100 re
1564 1060 1758 1113 occupari
1785 1057 1915 1102 etiam
1946 1060 1985 1099 in
2017 1073 2064 1101 ea
2093 1072 2138 1099 re
2167 1073 2250 1101 esse
2278 1055 2521 1114 significare
2543 1055 2694 1113 possit,

231 1136 372 1179 elucet
397 1132 477 1174 hoc
507 1130 666 1186 optime
696 1143 751 1172 ex
781 1143 861 1171 usu
891 1128 1015 1172 latini
1045 1129 1165 1173 verbi
1194 1132 1364 1182 vers-ari,
1394 1130 1562 1175 Ismene
1593 1131 1792 1187 ambiguo
1818 1131 1944 1175 modo
1974 1130 2234 1187 respondere
2264 1134 2455 1188 poterat:
2486 1138 2592 1181 sunt,
2621 1132 2694 1172 ubi

230 1209 393 1267 quidem
432 1212 539 1253 sunt,
569 1208 716 1246 tamen
745 1201 850 1244 mihi
879 1203 1019 1257 magis
1049 1203 1318 1247 satisfactum
1351 1210 1477 1259 esset,
1508 1205 1545 1248 si
1575 1219 1651 1261 pro
1683 1201 1764 1249 ei'a'
1799 1199 1936 1259 οὗπερ
1967 1201 2055 1247 εἶσὶ
2095 1203 2311 1259 legeretur
2340 1203 2404 1248 ἐά
2435 1199 2476 1259 7³
2510 1196 2688 1256 οὗπερ

230 1279 347 1325 εἶσί
357 1311 368 1331 ,
406 1277 520 1333 quod
557 1291 612 1320 ex
651 1276 765 1320 omni
793 1282 917 1331 parte
947 1277 1187 1320 sententiae
1218 1277 1342 1321 huius
1373 1277 1454 1322 loci
1484 1278 1724 1335 respondet.
1784 1277 1920 1322 Simili
1950 1276 2074 1322 modo
2107 1277 2341 1335 Sophocles
2371 1277 2614 1321 Menelaum
2644 1276 2691 1319 in

228 1355 296 1410 Aj.
327 1368 369 1396 v.
405 1352 513 1393 1048
550 1350 765 1393 dicentem
801 1349 925 1392 fecit:
964 1345 1065 1392 ἀλλ’
1110 1348 1188 1392 ἐᾶν
1217 1348 1343 1400 ὅπως
1382 1350 1484 1404 ἔχει.
1542 1353 1609 1395 De
1640 1351 1985 1408 pronuntiatione
2013 1351 2257 1407 imperativi
2288 1350 2340 1396 ἔα
2367 1351 2475 1395 conf.
2505 1350 2691 1393 Ellendt.

226 1429 300 1471 lex
329 1424 461 1481 Soph.
492 1424 612 1466 Tom.
643 1423 677 1477 I,
706 1437 749 1478 p.
778 1420 877 1467 467.
936 1421 1083 1466 Lectio
1109 1427 1253 1466 autem
1284 1423 1412 1466 Laur.
1437 1424 1477 1466 A
1508 1423 1631 1469 δεινὰ
1662 1422 1701 1467 δ’
1736 1425 1828 1468 sine
1859 1424 1986 1468 dubio
2016 1424 2242 1480 servanda,
2275 1422 2463 1474 ἐκείνοις
2490 1436 2612 1478 vero,
2643 1428 2690 1465 ut

218 1502 314 1558 jam
343 1498 502 1542 dudum
530 1497 689 1540 factum
718 1500 796 1551 est,
826 1496 871 1538 in
902 1493 946 1538 ἐν
976 1493 1138 1546 κείνοις
1165 1500 1230 1539 est
1259 1495 1519 1540 mutandum.

791 1569 841 1611 V.
871 1569 952 1611 367
1014 1568 1122 1625 πρὶν
1147 1569 1228 1624 μὲν
1258 1570 1339 1625 γὰρ
1372 1566 1524 1621 αὗιοῖς
1552 1565 1608 1627 ἦν
1638 1568 1757 1625 ἔρις
1786 1568 1976 1626 Κρέοντί
2005 1585 2051 1612 τε

1013 1637 1203 1697 θρόνους
1232 1640 1402 1686 ἐᾶσθαι
1430 1644 1543 1700 μηδὲ
1572 1643 1838 1699 maimo-‘tac
1873 1639 2018 1687 πόλιν.

341 1717 656 1762 Difficillimum
685 1719 752 1760 est
780 1715 834 1759 de
864 1715 944 1758 hoc
971 1715 1065 1758 loco
1095 1720 1257 1757 certum
1287 1716 1452 1772 aliquid
1482 1722 1683 1760 statuere.
1742 1717 2030 1759 Nihilominus
2066 1729 2163 1758 eum
2189 1715 2528 1771 praetermittere
2557 1715 2687 1771 nolui,

231 1792 416 1852 primum
450 1790 566 1847 quod
596 1790 844 1846 conjectura
873 1787 918 1831 ἐν
948 1786 1082 1844 φρεσὶ
1108 1801 1186 1845 pro
1221 1783 1271 1846 ἧν
1302 1786 1410 1844 ἔρις,
1440 1790 1541 1832 olim
1570 1803 1598 1832 a
1627 1790 1779 1833 Wexio
1810 1790 2046 1845 proposita,
2074 1790 2128 1832 de
2159 1802 2244 1844 qua
2272 1788 2467 1832 conferas
2496 1788 2688 1832 libellum

227 1868 324 1924 ejus
363 1864 574 1908 Kritisclze
599 1864 801 1919 Beitriiqe
841 1877 918 1904 zur
942 1862 1087 1903 Kritz'k
1126 1865 1195 1903 des
1233 1863 1576 1917 Soplaeokleischen
1610 1862 1790 1919 Oedipus
1832 1864 1914 1918 auf
1929 1863 2141 1917 Kolonus,
2184 1862 2390 1905 Sclaewerz‘n
2419 1865 2551 1918 1837,
2572 1879 2620 1919 p.
2652 1865 2689 1913 7,

224 1939 386 1999 injuria
420 1937 623 1995 neglecta
662 1940 729 1980 est
774 1935 830 1978 ab
874 1934 1109 1977 editoribus
1153 1935 1285 1977 multo
1325 1937 1496 1991 pejores
1547 1937 1813 1992 conjecturas
1853 1934 2037 1979 fideliter
2064 1935 2424 1992 propagantibus,
2458 1939 2548 1978 tum
2574 1934 2689 1991 quod

226 2028 281 2059 ea
309 2013 450 2068 lectio,
480 2012 526 2054 in
553 2024 682 2067 quam
710 2010 805 2066 ipse
830 2008 974 2064 incidi,
1004 2022 1100 2051 cum
1131 2009 1371 2052 sententiae
1400 2011 1640 2066 aptissima,
1669 2015 1759 2053 tum
1788 2009 1956 2065 legibus
1978 2008 2132 2054 Graeci
2158 2009 2366 2054 sermonis
2395 2008 2689 2055 accommoda-

224 2088 395 2132 tissima
423 2099 520 2129 esse
550 2084 751 2128 videtur.-
789 2081 1046 2138 Scripserim
1077 2082 1191 2125 enim
1223 2080 1344 2133 εἰκὸς
1372 2078 1435 2140 ἦν.
1494 2084 1575 2127 His
1605 2084 1769 2140 verbis,
1800 2097 1910 2139 quae
1940 2083 1993 2126 ob
2025 2081 2243 2126 literarum
2273 2083 2595 2127 similitudinem
2622 2083 2686 2126 fa-

224 2162 306 2205 cile
336 2173 432 2203 cum
461 2153 512 2215 ἦν
542 2156 635 2213 ἔρις
665 2155 913 2200 commutari
942 2159 1160 2212 poterant,
1190 2161 1319 2211 poeta
1348 2156 1591 2211 significare
1622 2157 1756 2199 voluit
1792 2157 1994 2199 fratribus
2023 2169 2208 2211 aequum
2237 2160 2279 2199 et
2309 2156 2353 2199 in
2385 2156 2611 2200 Creontem
2641 2162 2686 2200 et

223 2236 269 2278 in
298 2234 416 2276 cives
443 2232 584 2275 visum
614 2243 710 2273 esse
739 2230 861 2284 regni
891 2242 918 2270 a
947 2234 1070 2284 patre
1099 2228 1237 2271 relicti
1266 2243 1350 2271 non
1380 2230 1592 2285 poti1·i.—
1617 2230 1815 2273 Ceterum
1830 2229 1972 2272 Wexii
2002 2230 2248 2285 conjectura
2276 2229 2372 2274 ideo
2402 2229 2685 2286 improbanda

224 2311 303 2364 est,
333 2304 448 2362 quod
478 2302 524 2346 ἐν
553 2301 687 2358 φρεσὶ
718 2303 876 2346 locutio
904 2306 970 2344 est
999 2301 1093 2344 sola
1121 2302 1362 2345 Homerica.

841 2375 891 2418 V.
920 2375 1002 2417 501
1288 2370 1337 2417 οὗ
1369 2375 1452 2430 γὰρ
1485 2369 1538 2417 ἂν
1568 2375 1722 2419 σθένοι
1753 2370 1915 2429 τούμὸν
1947 2375 2085 2429 δέμας

1065 2444 1230 2502 ἔρημον
1260 2445 1412 2502 ἕρπειν
1442 2442 1537 2490 οὐδ’
1567 2444 1796 2504 ὑφηγητοῦ
1826 2443 2024 2490 ὸ’(’ἱνεϊ.

339 2523 479 2567 Probo
510 2522 695 2577 quidem,
727 2521 842 2577 quod
871 2520 1113 2564 Meinekius
1143 2520 1287 2563 Wexii
1315 2521 1604 2576 conjecturam
1633 2513 1718 2563 ὧδ’
1751 2534 1827 2576 pro
1856 2515 1954 2562 οὔδ’
1986 2520 2156 2576 rejecit,
2186 2520 2264 2564 sed
2292 2520 2436 2575 doleo,
2477 2520 2589 2575 quod
2618 2521 2686 2564 vir

224 2599 297 2642 ille
328 2596 601 2641 doctissimus
628 2596 672 2638 in
701 2595 814 2648 δίχα,
847 2594 961 2648 quod
991 2607 1019 2636 a
1048 2593 1269 2637 Dindorfio
1300 2593 1498 2636 tribuitur
1518 2594 1776 2649 Hermanno,
1807 2592 2033 2648 acquievit.
2082 2595 2276 2649 Apparet
2305 2593 2418 2636 enim
2447 2593 2685 2648 genitivum

223 2671 450 2729 ι’·φηγητοῦ
480 2668 550 2713 hic
579 2668 731 2713 eodem
760 2667 899 2723 modo,
930 2680 1014 2722 quo
1042 2665 1146 2710 Oed.
1172 2667 1278 2722 Reg.
1308 2680 1348 2709 v.
1378 2667 1484 2709 966:
1516 2659 1574 2708 ὧν
1605 2665 1849 2724 ὑφηγηιιῦιῃ
1870 2665 1954 2721 ἐγώ
1983 2671 2025 2709 et
2045 2666 2151 2711 Oed.
2168 2666 2257 2710 Col.
2289 2681 2328 2709 v.
2353 2666 2480 2710 1588:
2511 2665 2682 2724 ὑφηγη-

219 2747 357 2804 τῆρος
385 2739 564 2793 οὗὸενὸς
594 2740 739 2799 φίλων
760 2742 955 2785 absolute
976 2754 1004 2784 a
1023 2745 1152 2797 poeta
1172 2745 1423 2797 usurpatum
1444 2753 1550 2783 esse.
1601 2740 1738 2792 Quem
1760 2740 2001 2782 absolutum
2021 2741 2257 2795 genitivum
2276 2746 2323 2783 ut
2343 2740 2412 2783 hic
2433 2740 2682 2796 efficiamus,

220 2817 328 2861 nihil
357 2830 467 2874 opus
498 2820 566 2860 est
593 2815 677 2860 nisi
706 2829 784 2872 pro
814 2811 987 2866 ὸ”ἷι’νει·,
1024 2828 1135 2870 quae
1163 2819 1230 2857 est
1248 2814 1376 2857 Laur.
1398 2816 1437 2857 A
1468 2814 1680 2870 scriptura
1709 2818 1751 2856 et
1781 2827 1805 2856 e
1835 2813 2093 2868 glossemate
2123 2813 2331 2870 originem
2360 2813 2534 2858 duxisse
2565 2814 2682 2858 vide-

219 2898 300 2948 tur,
331 2890 518 2935 scribere
549 2887 716 2940 τινός.
775 2888 901 2939 Quod
930 2889 968 2932 si
995 2889 1233 2943 fecerimus,
1265 2903 1361 2931 eam
1388 2887 1655 2943 sententiam,
1687 2901 1798 2942 quae
1828 2888 1922 2931 sola
1950 2887 2047 2930 huic
2076 2888 2169 2932 loco
2198 2893 2300 2944 apta
2330 2892 2417 2944 est,
2448 2888 2681 2932 restitueri-

218 2979 326 3008 mus.
378 2965 587 3019 Magnum
618 2963 732 3004 enim
760 2962 988 3004 discrimen
1014 2962 1194 3005 interest
1224 2962 1334 3004 inter
1363 2959 1526 3016 ἔρημον
1555 2966 1608 3011 et,
1639 2960 1753 3015 quod
1780 2960 1918 3004 adhuc
1947 2961 2194 3017 legebatur,
2221 2959 2445 3019 ὑφηγητοῡ
2478 2958 2581 3005 ἄνευ
2609 2961 2680 3005 vel

220 3035 338 3090 δίχα.
385 3033 588 3092 ’Ἐρημος
621 3034 773 3090 ἕρπει,
816 3035 936 3078 cuius
965 3048 1140 3089 gressus
1170 3035 1226 3077 ab
1253 3034 1351 3077 aliis
1380 3047 1464 3076 non
1493 3033 1685 3089 fulcitur,
1721 3033 1948 3090 ὑφηγητοῦ
1977 3031 2081 3077 ἄνευ
2113 3034 2264 3089 ἕρπει,
2297 3046 2423 3088 quem
2453 3035 2562 3078 alius
2592 3047 2678 3077 non

217 3109 530 3166 praegreditur.
614 3107 774 3150 Fulciri
804 3108 844 3149 ei
870 3121 978 3163 opus
1003 3113 1090 3162 est,
1121 3107 1194 3161 qui
1225 3107 1278 3150 ob
1308 3106 1460 3148 virium
1490 3106 1704 3149 defectum
1733 3106 1795 3148 ire
1823 3106 1990 3160 nequit}
2021 3111 2068 3149 ut
2096 3107 2247 3150 ducem
2277 3106 2499 3163 adhibeat,
2530 3111 2681 3150 contra

216 3180 259 3223 ei
290 3179 463 3222 suaderi
499 3180 650 3237 debet,
692 3182 765 3235 qui
808 3181 862 3224 ob
893 3181 1145 3224 caecitatem
1176 3180 1256 3223 iter
1284 3180 1530 3235 conspicere
1561 3180 1719 3235 nequit.
1775 3178 1892 3222 Dicit
1920 3179 2051 3235 igitur
2081 3179 2272 3236 Oedipus
2302 3192 2371 3236 se,
2416 3180 2575 3236 quippe
2605 3178 2679 3234 qui

216 3266 303 3295 non
329 3253 466 3295 solum
497 3266 673 3307 caecus,
701 3254 779 3296 sed
809 3254 938 3295 etiam
971 3254 1210 3296 imbecillus
1241 3253 1307 3306 sit,
1339 3253 1507 3295 etiamsi
1538 3252 1625 3294 dux
1655 3252 1737 3295 sibi
1766 3252 2006 3308 antecedat,
2036 3257 2178 3297 tamen
2207 3253 2290 3297 nisi
2321 3253 2376 3296 ab
2405 3251 2502 3294 aliis
2531 3250 2679 3293 fulcia-

214 3331 295 3381 tur,
324 3326 386 3369 ire
416 3340 501 3369 non
531 3340 660 3382 posse
