2972 3773
1443 144 1503 191 15

251 277 443 324 ἔοικεν
468 301 527 311 —-
557 281 765 337 μοῦνος
798 281 894 322 sind
926 280 1129 322 entweder
1156 281 1312 321 schwer
1338 280 1539 327 verder-bt,
1568 279 1683 325 oder,
1713 288 1802 319 was
1830 278 1916 317 mir
1942 277 2329 318 wahrscheinlicher
2358 279 2423 326 ise,
2452 279 2704 332 interpolc'rt.

250 352 525 410 Hartuugus,
562 365 821 409 quamquam
856 357 901 395 et
941 353 1036 408 ipse
1074 350 1247 406 ἀνδρῶν
1282 353 1446 405 μοῦνος
1482 351 1568 393 (1101
1596 364 1680 393 11011
1708 362 1837 405 posse
1866 350 2159 404 intellexerat,
2195 356 2341 393 tamen
2367 355 2504 393 totum
2533 364 2705 394 versum

251 426 398 470 statim
425 426 645 485 expellere
673 426 809 469 noluit
834 425 1082 481 conjectura
1109 423 1250 467 adhuc
1277 424 1485 467 auxilium
1517 424 1663 480 parari
1700 435 1829 480 posse
1867 427 1999 465 ratus.
2057 423 2115 465 At
2143 423 2238 478 quis
2274 422 2349 478 iis,
2393 436 2506 479 quae
2535 424 2603 467 vir
2630 424 2704 468 ille

251 498 524 543 doctissimus
554 499 789 557 proposuit,
818 497 957 553 μόνος
983 495 1071 551 δίχ’
1105 494 1276 551 ἀνδρῶν
1304 497 1375 540 vel
1403 494 1575 552 ἀνδρῶν
1603 496 1704 549 δίχα
1731 492 1869 550 μόνος
1899 496 2143 551 justissima
2169 496 2431 540 dubitatione
2460 511 2547 541 non
2576 498 2704 541 inter-

253 573 397 629 posita
424 573 563 629 possit
590 572 879 628 adstipulari?
922 595 980 602 ——
1029 571 1153 623 Quod
1179 572 1217 614 si
1246 570 1497 626 respicimus
1529 570 1805 626 saepissime,
1844 570 1917 612 ubi
1947 569 2158 613 adventus
2186 570 2365 613 alicuius
2394 571 2438 613 in
2467 570 2704 626 tragoediis

252 646 484 703 nuntiatur,
513 645 813 689 advenientem
843 644 929 688 dici
962 638 1101 688 ἆσσον
1129 640 1328 696 στείχειν,
1359 643 1477 687 velut
1504 643 1545 686 h.
1572 643 1599 686 f.
1631 659 1670 687 v.
1698 643 1796 698 312,
1827 642 1899 686 vel
1927 635 2065 686 ἆσσον
2092 638 2205 686 ἰέναι
2222 675 2231 688 .
2260 647 2306 686 ut
2331 644 2475 699 Antig.
2506 659 2546 688 v.
2580 644 2703 700 1215,

252 720 324 763 vel
353 713 489 764 ἆσσον
519 718 693 774 ἕρπειν,
730 725 777 762 111
807 718 940 762 Elect.
967 732 1008 761 v.
1035 717 1121 761 900
1144 722 1188 760 et
1212 717 1356 774 Antig.
1384 732 1424 760 v.
1456 717 1585 774 1210,
1620 717 1745 761 huius
1787 730 1887 760 vero
1927 715 2098 759 fabulae
2127 731 2167 759 v.
2197 716 2278 759 723
2321 716 2536 762 simillimo
2577 717 2704 762 modo

253 792 363 836 haec
392 792 502 847 legi:
539 786 677 835 ἆσσον
708 788 882 845 ἔρχεται
912 791 1069 847 Κρέων
1098 787 1168 833 ὅδ’
1202 785 1306 846 ἡμῖν
1335 785 1413 833 οὐκ
1443 784 1546 833 ἄνευ
1574 793 1793 844 πομπῶν,
1832 786 1995 844 πάτερ,
2035 803 2119 831 non
2148 789 2454 846 dubitabimus,
2494 791 2596 846 quin
2626 806 2704 848 pro

255 861 430 918 ἀνδρῶν
460 864 730 908 scribendum
758 863 814 906 sit
846 857 1029 908 ἆσσον.
1089 862 1310 906 Facillime
1340 868 1484 906 autem
1511 858 1685 917 ἀνδρῶν
1715 866 1758 906 01
1787 856 1938 911 ἆσσον,
1969 862 2102 905 verba
2129 862 2240 905 inter
2267 876 2314 906 se
2333 863 2559 920 simillima,
2591 878 2703 907 com-

254 937 411 980 mutari
440 937 632 992 potuisse
661 950 784 979 nemo
816 936 1012 990 negabit3
1043 936 1299 991 particulam
1328 954 1374 991 γε
1404 941 1546 979 autem
1575 949 1670 978 cum
1698 937 1859 988 μοῦνος
1883 935 2150 989 jungendam
2171 949 2267 978 esse
2289 936 2394 979 satis
2414 937 2556 991 liquet.
2586 937 2704 981 Conf.

255 1010 311 1054 de
341 1011 619 1055 collocatione
650 1009 774 1053 huius
803 1009 1037 1065 particulae
1066 1009 1249 1053 Ellendt.
1281 1009 1364 1053 lex.
1395 1009 1524 1064 Soph.
1551 1009 1668 1053 Tom.
1697 1010 1730 1064 I,
1761 1022 1801 1064 p.
1823 1008 1906 1051 348
1927 1022 1991 1062 sq.
2049 1009 2155 1061 Quis
2178 1010 2272 1065 jam
2302 1023 2407 1053 vcra
2433 1010 2612 1055 lectione
2643 1012 2704 1054 in-

256 1088 387 1128 venta
414 1084 667 1128 temeritatis
697 1083 782 1127 tria
810 1083 934 1127 simul
964 1083 1096 1126 verba
1124 1084 1193 1127 vel
1220 1088 1353 1126 totum
1382 1096 1552 1127 versum
1581 1082 1825 1127 damnantis
1857 1095 1955 1125 reus
1981 1094 2076 1126 esse
2106 1084 2239 1127 velit?

705 1158 754 1200 V.
786 1157 895 1200 1265
952 1155 1027 1200 καὶ
1057 1158 1266 1211 μαρτυρῶ
1297 1155 1507 1207 κάκιστος
1538 1152 1788 1211 ἀνθρώπων
1820 1159 2064 1211 τροφαῖς

954 1232 1082 1282 ταῖς
1108 1232 1300 1273 σαῖσιν
1331 1225 1486 1287 ἥκειν
1515 1224 1691 1274 τῖίλλα
1718 1227 1788 1288 μὴ
1810 1226 1860 1282 ’ξ
1888 1224 2061 1273 ἄλλων
2087 1226 2257 1288 πύθῃ.

370 1304 421 1347 111
456 1304 713 1348 editionibus
750 1304 1080 1359 antiquioribus,
1125 1309 1172 1346 ut
1205 1303 1384 1358 Aldina,
1430 1302 1522 1346 loco
1560 1303 1678 1346 verbi
1708 1302 1836 1361 πύθῃ
1868 1308 2009 1346 exstat
2040 1301 2183 1361 πάθῃ.
2247 1305 2399 1347 Το111111
2429 1304 2539 1347 1111110
2567 1305 2704 1348 10011111

256 1377 502 1432 turpissimo
531 1377 656 1421 modo
689 1378 969 1433 depravatum
999 1390 1095 1421 esse
1125 1377 1219 1431 quis
1245 1369 1501 1431 negaverit?
1585 1377 1771 1419 Primum
1811 1377 1925 1419 enim
1954 1376 2057 1431 quid
2086 1377 2167 1419 sibi
2196 1378 2363 1426 volunt,
2403 1382 2448 1420 ut
2485 1378 2539 1420 ab
2568 1383 2704 1421 extre-

257 1450 339 1493 mis
369 1450 596 1506 ordiamur,
625 1451 757 1494 verba
785 1446 927 1492 τᾶλλα
957 1449 1017 1506 μὴ
1045 1445 1088 1500 ’ξ
1118 1451 1263 1492 ἄλλων
1292 1445 1415 1505 71133,ιό
1433 1450 1455 1492 i>
1514 1450 1664 1492 Nonne
1697 1450 1909 1504 Oedipum
1939 1450 2051 1492 alias
2081 1455 2178 1505 post
2206 1451 2316 1493 alias
2351 1464 2417 1493 res
2447 1464 2704 1505 cognoscere

258 1524 438 1565 vetant?
527 1524 766 1575 Quamnam
797 1523 908 1566 inter
941 1522 1051 1565 hanc
1090 1523 1345 1566 sententiam
1385 1529 1428 1565 et
1469 1523 1765 1565 antecedentia
1803 1524 1937 1565 verba
1966 1528 2205 1567 statuamus
2231 1537 2327 1566 csse
2358 1524 2705 1567 cohaerentiam?

258 1595 425 1638 Deinde
452 1610 669 1651 nunquam
699 1595 869 1638 dativus
898 1598 1089 1651 τροφαῖς
1117 1599 1218 1645 ταῖς
1248 1598 1397 1638 σαῖσιν
1425 1596 1486 1638 113
1514 1609 1608 1638 011111
1637 1593 1846 1646 κάκιστος
1879 1595 2017 1651 potuit
2040 1596 2179 1651 jungi,
2211 1602 2256 1639 ut
2284 1609 2400 1652 cum,
2445 1597 2517 1652 qui
2546 1598 2600 1640 ob
2630 1598 2704 1641 ali-

259 1673 403 1712 menta
445 1669 558 1724 patri
602 1676 685 1711 non
731 1668 937 1724 praestita
981 1668 1166 1723 pessime
1206 1668 1362 1723 egerit,
1406 1674 1583 1712 notaret.
1640 1669 1756 1712 Nihil
1797 1669 1910 1712 enim
1952 1667 2161 1720 κάκιστος
2205 1672 2398 1724 τροφαῖς
2429 1673 2529 1720 ταῖς
2556 1674 2707 1713 σαῖσιν

258 1742 500 1798 significare
533 1747 674 1798 potest
706 1742 788 1785 nisi
817 1741 1064 1798 Polynicem
1094 1746 1333 1797 propterea,
1364 1741 1478 1796 quod
1517 1743 1585 1785 vel
1614 1742 1707 1798 ipse
1736 1743 1790 1785 ab
1819 1742 1984 1798 Oedipo
2016 1743 2197 1785 nutritus
2227 1742 2282 1785 sit
2311 1743 2381 1786 vel
2411 1743 2550 1798 ipsum
2580 1743 2705 1788 Oedi-

258 1830 361 1872 pum
390 1816 615 1860 nutriverit
643 1815 829 1860 omnium
854 1815 1157 1872 pravissimum
1187 1829 1294 1871 esse,
1326 1816 1439 1871 quod
1469 1822 1691 1872 utrumque
1721 1816 1913 1873 ineptum
1943 1830 2039 1859 esse
2067 1831 2095 1859 a
2123 1816 2274 1872 quovis
2305 1816 2569 1874 intelligitur.
2622 1818 2704 1862 Pu-

258 1895 351 1934 tare
382 1891 535 1947 possis,
565 1904 695 1945 quum
723 1889 914 1946 Oedipus
943 1889 1054 1933 filias
1084 1904 1124 1934 v.
1160 1890 1265 1932 1367
1297 1888 1390 1932 αἵδ’
1425 1888 1529 1944 ἐμαὶ
1567 1892 1728 1947 τροφοὶ
1767 1895 1810 1933 01
1847 1905 1885 1933 v.
1921 1891 2031 1933 1365
2061 1888 2192 1942 τάςδε
2221 1889 2281 1947 w)-
2311 1886 2481 1947 ’ματτῷ
2510 1891 2705 1948 τροφοὺς

258 1964 388 2020 (11031,
417 1978 494 2020 pro
523 1968 712 2020 τροφαῖς
741 1963 1009 2008 scribendum
1039 1976 1135 2007 esse
1163 1967 1362 2021 τροφοῖς.
1448 1963 1571 2016 Quod
1602 1963 1638 2007 si
1666 1963 1807 2020 fieret,
1837 1964 1983 2007 dativo
2013 1964 2087 2008 illo
2118 1964 2431 2020 significaretur
2458 1965 2704 2021 Polynicem

260 2052 316 2082 ex
343 2052 533 2082 sororum
557 2037 721 2092 judicio
751 2037 984 2093 pessimum
1005 2036 1062 2080 ad
1084 2036 1294 2092 Oedipum
1323 2037 1504 2081 venisse.
1552 2038 1609 2081 At
1637 2050 1722 2081 non
1751 2038 1888 2081 solum
1917 2052 1971 2081 ex
2001 2051 2193 2082 sororum
2208 2038 2385 2094 judicio,
2415 2039 2573 2095 quippe
2594 2052 2703 2094 quae

258 2109 402 2155 fratris
432 2109 713 2167 patrocinium
743 2110 948 2154 adversus
980 2114 1145 2167 patrem
1175 2109 1403 2154 fortissime
1434 2110 1734 2167 suscepissent,
1763 2110 1839 2154 sed
1869 2112 1938 2156 vel
1970 2111 2155 2154 maxime
2188 2123 2242 2154 ex
2272 2112 2406 2168 ipsius
2432 2112 2565 2168 patris
2589 2113 2704 2168 Judi-

261 2184 327 2227 cio
366 2182 578 2239 pessimus
618 2188 711 2226 erat
749 2182 975 2226 hominum.
1037 2183 1179 2235 Quare
1208 2183 1314 2226 nihil
1343 2183 1442 2226 inde
1472 2184 1751 2240 lucraremur,
1792 2184 1829 2228 si
1863 2189 2052 2240 τροφοῖς
2080 2199 2158 2241 pro
2188 2188 2377 2241 τροφαῖς
2405 2185 2546 2239 legere
2574 2187 2703 2230 velle-

259 2271 367 2301 mus.
425 2256 546 2300 Haec
583 2256 714 2300 verba
754 2256 885 2312 igitur
918 2270 1092 2313 prorsus
1131 2261 1334 2313 corrupta
1369 2270 1465 2301 esse
1503 2271 1627 2301 nemo
1665 2257 1824 2302 infitias
1861 2258 1950 2302 ibit.
2008 2257 2149 2308 Quum
2187 2258 2440 2302 constructio
2480 2259 2704 2303 verborum

259 2325 374 2375 ἄλλα
404 2328 454 2383 ἐξ
478 2326 624 2374 ἄλλων
651 2330 781 2387 plane
811 2329 1003 2385 legitima
1035 2330 1091 2374 sit
1119 2330 1547 2386 frequentissimoque
1591 2345 1670 2375 usu
1713 2332 1901 2387 firmata,
1940 2332 2099 2375 nullam
2128 2331 2375 2375 habebimus
2405 2345 2599 2390 causam,
2629 2347 2704 2378 cur

260 2405 306 2447 in
334 2417 388 2447 ea
414 2403 686 2447 haesitemus.
743 2403 803 2447 Ut
840 2403 1065 2460 Sophoclis
1098 2403 1169 2447 1110
1208 2397 1322 2446 ἄλλα
1362 2402 1410 2455 ἐξ
1438 2399 1584 2448 ἄλλων
1615 2405 1743 2461 dixit,
1783 2405 1845 2449 sic
1880 2405 1922 2448 in
1958 2405 2108 2448 Trach.
2136 2419 2175 2449 v.
2206 2405 2260 2448 28
2295 2403 2343 2447 ἐκ
2372 2400 2518 2461 φόβου
2548 2405 2706 2462 φόβον.

261 2477 673 2521 Periculosissimum
702 2476 832 2532 igitur
861 2482 927 2520 est
959 2476 1196 2532 Musgravii
1227 2477 1514 2532 conjecturam
1544 2473 1652 2531 τᾶμ’
1683 2492 1760 2534 pro
1789 2473 1933 2530 τᾶλλ’,
1974 2479 2028 2521 ab
2058 2479 2249 2521 omnibus
2287 2477 2374 2520 fere
2402 2477 2705 2534 interpretibus

261 2550 567 2604 collaudatam,
605 2550 648 2593 in
691 2555 854 2593 textum
884 2551 1087 2605 recipcre.
1168 2550 1409 2604 Sententia,
1448 2564 1558 2605 quae
1597 2552 1672 2594 illa
1702 2553 1945 2606 conjectura
1974 2554 2172 2607 efficitur,
2210 2552 2311 2594 mihi
2341 2551 2395 2593 ab
2424 2551 2504 2594 hoc
2533 2554 2706 2606 quidem

261 2625 355 2669 loco
385 2637 559 2680 prorsus
587 2624 731 2668 aliena
760 2637 856 2668 esse
876 2623 1057 2667 videtur.
1106 2625 1217 2667 Nam
1238 2624 1341 2678 quid
1360 2623 1441 2668 1100
1460 2629 1596 2668 esset:
1631 2640 1692 2668 me
1721 2629 1924 2668 hominem
1951 2629 2174 2680 pessimum
2205 2639 2290 2667 esse
2320 2628 2432 2667 ultro
2455 2628 2542 2679 ipse
2563 2635 2705 2677 testor,

262 2712 314 2741 ne
344 2710 449 2752 quae
478 2698 534 2740 ad
563 2710 625 2739 me
650 2699 874 2750 periment.
912 2710 965 2739 ex
993 2698 1088 2739 aliis
1119 2699 1307 2739 auritas?
1356 2697 1489 2740 Istam
1519 2699 1775 2741 sententiam
1801 2699 1903 2742 viris
1933 2699 2067 2741 doctis
2087 2711 2287 2752 umquam
2309 2698 2480 2754 placere
2502 2699 2709 2757 potuisse,

260 2769 634 2814 vehementissime
678 2770 818 2814 miror.
879 2768 999 2820 Quae
1029 2783 1157 2825 quum
1185 2769 1249 2812 ita
1292 2770 1400 2827 sint,
1444 2771 1573 2814 etiam
1603 2771 1859 2827 Spengelius
1903 2772 2005 2814 mihi
2047 2771 2351 2826 improbandus
2382 2776 2468 2826 est,
2514 2773 2589 2826 qui
2622 2775 2647 2816 l.
2679 2776 2706 2817 l.

259 2858 300 2900 p.
328 2844 412 2886 447
444 2856 507 2898 sq.
540 2842 733 2886 codicum
763 2843 1017 2899 scripturam
1044 2842 1311 2887 verissimam
1340 2857 1436 2887 esse
1466 2849 1584 2888 ratus
1618 2845 1662 2887 in
1691 2845 1835 2887 dativo
1864 2848 2056 2898 τροφαῖς
2085 2858 2180 2887 011111
2212 2841 2421 2895 κάιιστος
2443 2846 2595 2901 juncto
2624 2862 2710 2892 non

262 2916 484 2960 offendens
511 2915 621 2958 hanc
654 2916 832 2959 extorsit
862 2916 1139 2958 sententiam:
1168 2918 1298 2958 domic
1328 2919 1384 2958 du
1412 2920 1523 2960 niem
1552 2920 1626 2959 das
1657 2920 1745 2959 eine
1773 2920 1877 2958 nach
1906 2920 1995 2958 dem
2017 2919 2195 2960 avtderen
2218 2913 2384 2973 (ἄλλα
2406 2914 2520 2972 μετ’
2553 2914 2708 2973 ἄλλα)

260 2991 457 3044 ενῙᾶΙινει,
485 2991 572 3032 will
601 2992 665 3031 ich
695 2991 764 3031 dir
792 2991 867 3031 das
900 2990 1042 3031 Ganze
1071 2990 1153 3043 aus
1177 2991 1330 3032 et‘nmal
1359 2992 1447 3031 und
1475 2991 1578 3032 lcurz
1598 2992 1672 3032 mit
1701 2993 1828 3031 elnem
1851 2992 2033 3043 einziyen
2061 2991 2197 3033 Worle
2217 3005 2358 3045 suffen,
2390 2995 2489 3035 dass
2520 2997 2583 3036 ich
2611 2992 2708 3036 κά-

263 3077 459 3113 κιστος
508 3057 830 3116 ἀνθρώπων
871 3064 953 3106 ὺίη.
1039 3062 1174 3105 Plane
1217 3062 1536 3118 obstupefactus
1574 3076 1690 3117 sum,
1734 3062 1847 3117 quod
1876 3063 1942 3105 vir
1971 3063 2042 3106 illc
2073 3064 2184 3107 inter
2211 3079 2372 3120 paucos
2401 3067 2531 3110 sobrii
2556 3067 2711 3122 judicii

266 3133 507 3178 huiusmodi
535 3134 931 3189 interpretationem
957 3135 1125 3176 illorum
1150 3147 1349 3177 versuum
1380 3134 1549 3177 omnino
1586 3134 1755 3191 admitti
1782 3149 1909 3190 posse
1940 3136 2022 3178 sibi
2051 3145 2337 3192 persuaserat.
2395 3139 2560 3190 Quibus
2588 3154 2710 3196 prae·

263 3206 420 3262 missis,
457 3212 502 3251 ut
523 3207 630 3262 jam,
660 3220 770 3261 quae
800 3212 946 3251 nostra
974 3208 1030 3250 sit
1057 3207 1280 3262 sententia,
1309 3207 1352 3249 in
1381 3207 1521 3250 medio
1548 3221 1857 3263 proponamus,
1896 3209 2003 3251 illud
2032 3210 2136 3253 mihi
2162 3211 2448 3256 firmissimum
2477 3213 2646 3256 videtur
2669 3213 2713 3256 in

264 3278 407 3322 verbis
450 3275 564 3322 ἄλλα
605 3277 656 3330 ἐξ
696 3273 840 3323 ἄλλων
878 3280 983 3323 1111111
1021 3279 1178 3323 debere
1217 3280 1383 3324 mutari.
1441 3280 1696 3324 Necessario
1732 3294 1833 3324 vero
1873 3282 2186 3327 substantivum
2216 3285 2272 3327 ad
2303 3281 2419 3327 ἄλλα
2446 3286 2713 3342 requirimus,

265 3350 380 3404 quod
407 3351 544 3396 altera
573 3352 756 3397 lectione
786 3350 930 3410 πάθῃ.
961 3353 1051 3397 solo
1079 3352 1168 3397 iota
1198 3352 1436 3409 subscripto
1465 3352 1608 3398 demto
1642 3354 1686 3397 in
1715 3355 1924 3410 pluralem
1951 3357 2134 3401 nominis
2165 3354 2320 3408 πάθος
2352 3358 2596 3414 1111111111313,
2621 3359 2716 3415 jam
