2972 3773
1469 117 1500 164 4

252 249 424 307 legitur,
452 263 476 293 e
505 250 739 306 composito
767 249 900 294 verbo
929 247 1137 295 ἐνθακεῖν
1166 255 1233 295 est
1258 250 1498 296 formatum.
1556 251 1788 296 Exstitisse
1816 255 1960 295 autem
1987 264 2034 296 re
2063 264 2168 296 vera
2194 248 2389 311 θάκησις
2417 266 2502 297 non
2531 265 2585 297 ex
2613 265 2716 297 ana·

255 323 374 380 logia
403 323 610 379 quadam,
650 323 729 366 sed
768 323 860 367 solo
885 324 1178 380 exemplorum
1217 325 1461 370 testimonio
1489 325 1662 382 probari
1691 338 1869 369 neeesse
1898 328 1977 369 est.
2035 324 2123 369 Sed
2151 323 2208 368 ad
2235 323 2349 369 hune
2377 325 2491 371 diem
2521 322 2717 382 θάκησις

252 397 370 441 nullo
399 402 591 441 veterum
618 396 880 441 Graecorum
909 402 1183 442 monumento
1208 398 1446 442 exhibetur.
1502 401 1615 443 Nam
1644 400 1689 442 in
1712 399 1831 442 illum
1860 412 2032 443 versum
2071 411 2127 442 ex
2155 398 2418 444 Aleadarum
2458 400 2710 456 fragmento,

255 469 370 526 quod
403 469 520 527 apud
556 469 789 514 Stobaeum
820 470 935 514 Flor.
964 471 1091 527 XCI,
1120 471 1174 513 27
1203 471 1379 528 legitur,
1423 486 1534 516 nunc
1574 473 1746 516 demum
1774 471 2018 515 Meinekius
2050 471 2298 527 conjectura
2325 473 2500 517 minime
2527 472 2710 529 probata

253 543 570 586 substantivum
591 540 788 601 θάκησις
815 543 996 587 intrusit.
1044 543 1166 596 Quae
1187 558 1316 600 quum
1345 545 1407 587 ita
1432 544 1530 601 sint,
1560 545 1776 588 θάκοισιν
1802 546 1846 588 in
1876 543 2067 601 θάκησιν
2093 548 2258 588 mutare
2280 545 2384 589 mihi
2401 545 2708 602 periculosissi-

252 630 368 659 mum
408 629 504 660 esse
547 615 739 668 videtur,
768 615 875 660 illud
906 630 1008 660 vero
1036 616 1169 660 multo
1198 616 1463 674 probabilius
1495 617 1751 674 Sophoclem
1782 620 1857 661 Oc?
1870 634 1956 661 κον
1984 613 2049 661 σύ
2082 613 2121 673 y’
2155 617 2396 676 scripsisse,
2425 633 2538 676 quae
2581 618 2713 663 verba

253 694 296 732 et
336 689 435 746 ipsa
476 702 573 733 cum
609 687 824 733 θάκοισιν
863 689 1064 732 facillime
1094 694 1293 746 poterant
1322 691 1586 735 commutari.
1650 691 1792 747 Saepe
1832 695 1975 734 autem
2004 689 2162 733 sactum
2197 694 2284 746 est,
2320 696 2367 735 ut
2397 705 2631 748 pronomen
2660 689 2712 734 σὺ

251 761 412 806 nomini
441 762 728 820 compellatae
756 774 967 819 personae
996 767 1344 819 postponeretur,
1374 764 1493 807 velut
1520 764 1565 806 in
1594 763 1633 806 h.
1664 764 1692 808 f.
1722 778 1792 809 vv.
1822 764 1919 818 507,
1951 763 2045 807 712.
2134 762 2325 820 Oedipus
2355 763 2435 809 hoe
2462 764 2712 822 pronomine

252 835 428 891 adJecta
456 835 673 893 particula
703 851 749 890 γε
779 833 854 891 (σύ
885 850 932 890 γε
961 839 1105 879 autem
1137 836 1391 892 saepissime
1432 837 1588 892 legitur
1629 836 1745 893 apud
1774 836 2045 892 Sophoclem)
2076 850 2122 880 se
2152 837 2295 880 omnia
2329 838 2455 882 unius
2492 838 2607 881 tiliae
2644 851 2711 881 ca-

251 908 452 953 rissimae
479 922 532 953 ac
561 907 963 966 providentissimae
994 909 1170 953 arbitrio
1200 909 1447 967 permittere
1474 909 1588 954 haud
1624 910 1801 954 obscure
1834 908 2104 966 significavit.
2150 908 2390 966 Rhythmus
2418 916 2561 956 autem
2589 910 2713 955 huius

251 995 404 1026 versus
443 982 557 1026 idem
593 986 679 1037 est,
719 982 792 1036 qui
831 981 872 1026 h.
902 982 930 1025 f.
960 995 999 1025 v.
1029 983 1126 1026 353.
1156 1007 1214 1013 —
1251 983 1456 1038 Sequenti
1497 997 1624 1027 versu
1663 983 1775 1026 male
1805 982 1908 1026 mihi
1937 996 2085 1026 omnes
2113 982 2370 1040 interpretes
2398 983 2609 1041 βεβήλοις
2634 998 2712 1041 pro

252 1056 522 1100 substantivo
560 1055 780 1111 accepisse
819 1055 1031 1099 videntur.
1086 1055 1335 1114 Βέβηλα,
1377 1057 1513 1112 inquit
1550 1057 1819 1113 Dindortius,
1856 1072 2000 1113 yenere
2032 1065 2174 1100 neutro
2205 1059 2302 1099 dicit
2327 1075 2408 1114 pro
2445 1055 2714 1114 βεβήλοις

250 1128 474 1183 τόποις,
504 1137 548 1170 ιιι
576 1146 610 1172 υ.
641 1132 723 1170 167
755 1123 928 1180 ἄβατα
957 1131 1062 1171 dia-ic
1092 1126 1338 1182 ἄβατοι-ς
1371 1127 1599 1181 τόπους.
1645 1130 1693 1172 Si
1722 1131 1802 1172 hoc
1822 1142 1988 1184 quoque
2010 1130 2103 1171 loeo
2133 1130 2420 1173 nominativus
2450 1131 2521 1173 vel
2540 1143 2712 1174 aecusa-

250 1202 364 1245 tivus
392 1201 661 1257 reperiretur,
690 1200 743 1244 de
769 1201 1037 1244 substantivo
1066 1216 1146 1244 usu
1168 1202 1291 1246 huius
1313 1203 1431 1245 verbi
1452 1203 1637 1245 dubitari
1659 1217 1743 1246 non
1764 1206 1921 1259 posset,
1953 1202 2031 1245 sed
2051 1216 2180 1257 quum
2202 1203 2516 1246 substantivum
2534 1199 2713 1246 ἄλσεσιν

252 1279 457 1330 sequatur
486 1277 537 1317 et‘
558 1272 772 1330 βεβήλοις
801 1273 971 1317 dativus
1002 1274 1070 1330 sit,
1100 1288 1275 1331 prorsus
1306 1276 1586 1331 improbabile
1617 1282 1681 1319 cst
1712 1273 1921 1331 βεβήλοις
1953 1276 2021 1318 1]ἱο
2051 1275 2308 1319 substantivi
2338 1276 2476 1319 locum
2509 1275 2710 1319 obtinere.

250 1347 430 1391 Accedit
469 1347 583 1403 quod
623 1346 837 1402 Oedipus,
878 1352 1026 1403 utpote
1065 1348 1138 1391 via
1168 1354 1210 1390 et
1243 1349 1333 1391 sole
1364 1349 1594 1404 fatigatus,
1636 1353 1736 1392 ante
1768 1349 1911 1392 omnia
1941 1349 2085 1392 sedem
2117 1349 2161 1392 in
2190 1349 2388 1393 umbroso
2418 1362 2590 1393 nemore
2620 1348 2713 1392 sive

250 1421 429 1477 profano
459 1422 551 1464 sive
584 1434 707 1463 sacro
735 1420 966 1462 desiderat.
1024 1422 1167 1473 Quare
1193 1422 1391 1476 equidem
1422 1427 1641 1465 construo:
1683 1420 1710 1477 ἢ
1746 1422 1861 1475 πρὸς
1886 1420 2094 1478 βεβήλοις
2119 1418 2301 1465 ἄλσεσιν
2333 1416 2358 1478 ἢ
2388 1422 2507 1477 πρὸς
2536 1417 2712 1465 ἄλσεσιν

250 1496 383 1536 θεῶν.
441 1496 638 1550 Apparet
683 1498 826 1536 autem
868 1494 1142 1538 insolentiore
1187 1495 1413 1538 verborum
1458 1495 1736 1538 collocatione
1782 1494 2038 1549 interpretes
2074 1494 2117 1537 in
2156 1508 2342 1538 errorem
2378 1493 2573 1538 inductos
2602 1507 2708 1538 esse.

251 1566 451 1623 Βέβηλον
489 1563 626 1617 ἄλσος
665 1571 809 1609 autem
846 1567 976 1609 etiam
1012 1567 1128 1623 apud
1157 1567 1418 1624 Aeschylum
1454 1567 1603 1623 Suppl.
1635 1582 1672 1610 v.
1703 1567 1787 1609 493
1824 1567 1998 1622 legitur:
2041 1565 2117 1610 καὶ
2146 1568 2243 1618 πῶς
2272 1565 2462 1623 βέβηλον
2492 1561 2629 1617 ἄλσος
2658 1564 2712 1609 ἂν

249 1634 404 1694 ῥύοιτό
435 1656 513 1695 pce,-
549 1640 629 1683 Ille
658 1653 760 1683 vero
789 1640 929 1696 loeus,
967 1653 1092 1696 quem
1119 1639 1377 1684 scholiastae
1417 1654 1467 1684 ac
1495 1640 1763 1696 grammatici
1793 1640 2026 1697 respiciunt
2054 1639 2211 1696 ubique
2242 1652 2394 1684 revera
2417 1638 2585 1698 βέβηλα
2615 1639 2710 1683 sub-

248 1713 484 1758 stantin
513 1718 600 1770 est,
637 1713 795 1769 legitur
824 1714 867 1757 in
896 1714 1158 1757 Aleadarum
1191 1714 1453 1771 fragmento,
1485 1714 1599 1770 quod
1632 1727 1764 1770 supra
1800 1714 2244 1769 commemoravimus,
2287 1727 2327 1757 v.
2355 1713 2402 1756 7:
2454 1711 2598 1764 δεινὸς
2627 1711 2709 1768 γὰρ

252 1785 407 1841 ἕρπειν
437 1788 629 1837 πλοῦτος
659 1785 706 1837 ἔς
734 1802 781 1829 τε
810 1782 983 1839 τᾶβατα
1013 1786 1090 1829 καὶ
1119 1787 1236 1844 πρὸς
1263 1787 1446 1844 βέβηλα.

842 1861 892 1904 V.
919 1860 975 1904 22
1028 1858 1185 1915 χρόνου
1214 1859 1294 1915 μὲν
1323 1856 1467 1904 οὕνεκ’
1499 1858 1556 1903 οὗ
1584 1864 1753 1915 μαθεῖν
1780 1877 1845 1914 με
1876 1861 1962 1905 δεῖ
1989 1858 2105 1904 τόδε.

360 1932 481 1976 Haec
509 1933 654 1989 verba,
683 1933 894 1989 quomodo
920 1934 1048 1976 hodie
1075 1935 1288 1989 leguntur,
1318 1946 1422 1976 sane
1451 1935 1730 1977 offensionem
1760 1934 1930 1977 habent.
1989 1935 2100 1976 Nam
2128 1933 2230 1988 quid
2256 1934 2335 1977 hoe
2367 1938 2446 1989 est,
2477 1931 2591 1986 quod
2624 1931 2708 1974 An-

245 2005 397 2061 tigona
428 2005 563 2048 dicit?
622 2006 864 2048 Brunekius
901 2007 1050 2049 vertit:
1087 2009 1189 2048 satis
1229 2007 1346 2062 Ionqo
1376 2022 1436 2058 *ea-
1469 2015 1647 2062 tempore
1676 2009 1845 2048 adsuevi
1870 2008 1943 2048 hoc
1963 2008 2119 2062 facere,
2148 2014 2193 2047 ut
2223 2021 2285 2048 me
2314 2007 2471 2049 moneri
2498 2021 2600 2063 opus
2627 2022 2709 2049 non

247 2081 311 2121 sit.
371 2081 429 2120 At
457 2079 574 2133 apud
594 2079 850 2134 Sophoclem
882 2080 1002 2121 nulla
1028 2084 1102 2121 aut
1138 2079 1445 2120 consuescendi
1475 2085 1549 2120 aut
1584 2080 1782 2121 monendi
1812 2080 1928 2121 notio
1960 2079 2180 2137 reperitur.
2234 2080 2290 2121 Et
2314 2079 2415 2136 filia,
2447 2079 2566 2123 cuius
2589 2080 2707 2123 auxi-

246 2153 351 2193 lium
382 2154 427 2194 in
458 2153 719 2194 considendo
750 2167 777 2193 a
807 2159 929 2208 patre
961 2168 1088 2195 caeco
1120 2158 1162 2194 et
1192 2166 1294 2194 sene
1326 2159 1520 2207 rogatur,
1552 2167 1651 2194 num
1683 2154 1775 2195 sine
1806 2154 2079 2208 arrogantiae
2109 2153 2284 2194 crimine
2314 2153 2418 2194 talia
2448 2157 2616 2209 poterat
2645 2166 2706 2197 re-

247 2227 490 2280 spondere?
540 2227 687 2268 Verba
717 2232 873 2279 autem,
904 2241 1014 2280 quae
1044 2240 1155 2267 nune
1185 2227 1397 2279 leguntur,
1428 2227 1532 2266 nihil
1560 2227 1643 2267 nisi
1674 2227 1752 2267 hoc
1774 2227 2042 2280 significant:
2062 2234 2237 2281 propter
2267 2234 2422 2282 tempus
2451 2227 2526 2268 hoc
2555 2229 2707 2268 discere

245 2315 310 2339 me
339 2315 420 2339 non
448 2309 616 2353 oportet.
679 2300 909 2353 Nimirum,
954 2299 1068 2353 quod
1101 2300 1194 2353 jam
1234 2299 1394 2353 optime
1432 2301 1522 2340 scit.
1579 2300 1635 2340 At
1665 2313 1805 2341 nonne
1850 2305 1892 2340 et
1931 2299 2010 2340 hoc
2048 2298 2320 2352 arrogantiae
2351 2298 2449 2340 est?
2507 2299 2620 2339 Num
2650 2299 2706 2340 ad

247 2370 499 2415 discendum
529 2371 666 2415 solum
696 2375 865 2428 tempus
886 2370 1146 2426 requiritur?
1193 2370 1391 2414 Hellerus
1419 2370 1569 2414 statuit
1600 2374 1834 2413 arev-bimest—
1864 2372 2023 2426 aliquid
2052 2372 2143 2412 huic
2173 2373 2389 2413 sententiae
2421 2373 2550 2412 inesse
2580 2372 2709 2412 rideri

248 2445 444 2487 adversus
465 2446 699 2500 fortunam,
734 2462 813 2487 non
845 2446 1040 2486 cult-ersus
1065 2453 1244 2500 patr-em.
1288 2444 1467 2498 Inesset‚
1498 2443 1637 2498 credo,
1668 2445 1704 2487 Si
1733 2444 1953 2498 Antigona
1974 2442 2173 2486 dixisset:
2206 2460 2331 2497 qnam,
2361 2458 2480 2498 saepe
2515 2445 2590 2484 τίῖιί
2617 2460 2705 2485 con-

248 2518 399 2559 sidenti
438 2532 555 2574 opem
595 2517 678 2560 tuli.
747 2516 953 2560 Similiter
990 2522 1119 2572 atque
1156 2516 1355 2560 Hellerus
1387 2516 1741 2560 Schneidewinus
1780 2517 1947 2573 putavit
1987 2516 2246 2571 Antigonam
2276 2515 2367 2565 hic,
2409 2515 2509 2558 dum
2539 2520 2705 2572 patrem

247 2591 439 2647 collocet,
471 2591 524 2634 ob
554 2591 753 2635 acerbam
783 2591 920 2648 patris
949 2590 1170 2647 ipsiusque
1200 2590 1413 2634 fortunam
1434 2590 1726 2646 ingemiscere.
1747 2617 1804 2621 —
1833 2590 1988 2634 Missos
2015 2591 2222 2633 faciamus
2252 2590 2507 2645 interpretes
2537 2590 2704 2646 ipsique

246 2677 515 2720 quaeramus,
545 2665 647 2720 quid
677 2665 914 2722 Sophocles
945 2665 1026 2710 hoc
1053 2665 1147 2708 loco
1177 2664 1319 2708 dicere
1347 2670 1390 2709 et
1423 2665 1609 2721 potuerit
1639 2669 1681 2708 et
1712 2664 1906 2708 voluerit.
1958 2664 2173 2719 Antigona
2203 2677 2385 2719 versum,
2415 2662 2468 2706 de
2501 2677 2584 2718 quo
2614 2664 2703 2719 agi-

246 2750 363 2794 mus,
409 2742 498 2781 tum
529 2738 697 2781 demum
727 2739 995 2795 pronuntiat,
1043 2751 1172 2793 quum
1197 2739 1289 2794 jam
1319 2742 1486 2794 patrem
1516 2738 1742 2793 fatigatum
1773 2738 1816 2781 in
1848 2751 1919 2793 ec,
1964 2751 2088 2793 quem
2118 2736 2212 2793 ipse
2242 2736 2511 2793 providerat,
2559 2737 2703 2792 lapide

245 2812 557 2856 collocavisset.
606 2812 704 2856 Non
733 2812 859 2856 facile
889 2811 1005 2855 filiae
1034 2811 1166 2856 fuisse
1195 2812 1436 2869 putaverim
1466 2825 1612 2855 senem
1641 2811 1895 2855 imbecillum
1926 2824 1977 2854 ac
2003 2811 2162 2854 fessum
2193 2810 2254 2854 ita
2282 2814 2535 2865 sustentare,
2566 2815 2611 2853 ut
2632 2810 2703 2854 ille

245 2885 474 2929 considens
504 2885 720 2928 doloribus
749 2886 920 2929 omnino
950 2889 1124 2929 careret.
1170 2885 1319 2929 Omnis
1349 2898 1451 2928 vero
1483 2885 1613 2941 dolor,
1642 2898 1766 2940 quem
1789 2884 2006 2939 Antigona
2035 2897 2061 2927 a
2087 2887 2211 2940 patre
2241 2883 2467 2940 prohibere
2496 2895 2580 2926 non
2610 2888 2701 2940 pot·

247 2963 325 3013 est,
355 2960 417 3001 ita
446 2959 490 3000 in
522 2958 710 3000 animum
741 2960 835 3014 ejus
866 2964 1091 3015 penetrare
1124 2959 1306 3012 videtur,
1337 2963 1382 3000 ut
1412 2959 1493 3000 sibi
1524 2959 1755 3012 irascatur,
1791 2957 1926 3012 quod,
1957 2970 2214 3011 quamquam
2244 2970 2298 3000 ex
2327 2962 2415 2999 tam
2445 2956 2573 3010 longo
2600 2962 2701 3000 tem-

244 3045 348 3087 pore
375 3036 543 3088 patrem
574 3037 703 3086 curet,
734 3037 877 3074 tamen
908 3032 952 3073 in
983 3031 1201 3074 curatione
1231 3031 1326 3086 ejus
1355 3031 1436 3074 sibi
1467 3044 1551 3074 non
1581 3031 1723 3075 onmia
1750 3035 1838 3073 tam
1869 3031 1975 3073 bene
2003 3029 2168 3084 cedant,
2197 3034 2243 3073 ut
2275 3029 2372 3084 ipsa
2402 3028 2557 3084 cupiat.
2618 3030 2701 3073 Ita-

244 3117 327 3158 que
356 3117 410 3145 ne
441 3109 529 3145 tum
561 3104 755 3159 quidem,
791 3117 919 3158 quum
956 3109 1122 3159 patrem
1163 3104 1205 3145 in
1237 3103 1381 3158 lapide
1411 3104 1483 3145 illo
1515 3104 1835 3153 collocavisset‚
1872 3103 1953 3144 sibi
1983 3101 2243 3146 satisfecisse
2273 3101 2453 3145 videtur.
2512 3101 2563 3143 In
2592 3101 2701 3145 hane

243 3178 500 3220 sententiam
527 3190 689 3231 versus,
720 3178 764 3218 in
786 3189 912 3231 quem
934 3177 1197 3231 inquirimus,
1227 3177 1319 3218 sine
1340 3177 1468 3217 dubio
1493 3177 1731 3231 quadrabit,
1762 3176 1798 3217 si
1820 3175 2022 3217 facillima
2043 3175 2278 3217 mutatione
2300 3174 2490 3217 admissa
2509 3172 2699 3231 χρόνου

242 3249 339 3304 μὲν
371 3247 542 3294 οὕνεκ’
576 3245 627 3293 εὖ
656 3253 866 3305 μαθεῖν
892 3247 1075 3304 μ’ἔδει
1107 3251 1228 3292 τόδε
1253 3250 1569 3305 scripserimus,
1600 3247 1645 3291 εὖ
1674 3252 1842 3304 μαθεῖν
1873 3253 2013 3291 autem
2043 3248 2215 3305 saepius
2245 3247 2422 3292 recurrit
2450 3247 2567 3290 velut
2596 3247 2699 3291 Oed.

241 3326 348 3380 Reg.
378 3339 416 3367 v.
447 3325 542 3367 308.
