<?xml version="1.0" encoding="UTF-8"?>
<!DOCTYPE html PUBLIC "-//W3C//DTD XHTML 1.0 Transitional//EN"
    "http://www.w3.org/TR/xhtml1/DTD/xhtml1-transitional.dtd">
<html xmlns="http://www.w3.org/1999/xhtml" xml:lang="en" lang="en">
 <head>
  <title>
</title>
<meta http-equiv="Content-Type" content="text/html;charset=utf-8" />
  <meta name='ocr-system' content='tesseract 3.04.00' />
  <meta name='ocr-capabilities' content='ocr_page ocr_carea ocr_par ocr_line ocrx_word'/>
</head>
<body>
  <div class='ocr_page' id='page_1' title='image "4763759_0024.png"; bbox 0 0 2972 3773; ppageno 0'>
   <div class='ocr_carea' id='block_1_1' title="bbox 1466 102 1526 151">
    <p class='ocr_par' dir='ltr' id='par_1_1' title="bbox 1466 102 1526 151">
     <span class='ocr_line' id='line_1_1' title="bbox 1466 102 1526 151; baseline 0.017 -1"><span class='ocrx_word' id='word_1_1' title='bbox 1466 102 1526 151; x_wconf 91' lang='lat'><strong>18</strong></span> 
     </span>
    </p>
   </div>
   <div class='ocr_carea' id='block_1_2' title="bbox 231 231 2717 3375">
    <p class='ocr_par' dir='ltr' id='par_1_2' title="bbox 817 231 2218 364">
     <span class='ocr_line' id='line_1_2' title="bbox 817 231 2218 296; baseline 0.005 -21"><span class='ocrx_word' id='word_1_2' title='bbox 817 231 868 276; x_wconf 88' lang='lat' dir='ltr'><strong>V.</strong></span> <span class='ocrx_word' id='word_1_3' title='bbox 899 232 1013 277; x_wconf 79' lang='lat'>1380</span> <span class='ocrx_word' id='word_1_4' title='bbox 1068 235 1224 292; x_wconf 74' lang='grc' dir='ltr'><strong><em>τοιγὰρ</em></strong></span> <span class='ocrx_word' id='word_1_5' title='bbox 1253 234 1304 279; x_wconf 74' lang='grc' dir='ltr'><strong>τὸ</strong></span> <span class='ocrx_word' id='word_1_6' title='bbox 1334 235 1414 279; x_wconf 88' lang='grc' dir='ltr'><strong><em>σὸν</em></strong></span> <span class='ocrx_word' id='word_1_7' title='bbox 1443 234 1628 293; x_wconf 71' lang='grc' dir='ltr'><strong><em>θάκημα</em></strong></span> <span class='ocrx_word' id='word_1_8' title='bbox 1655 236 1733 279; x_wconf 81' lang='grc' dir='ltr'><strong>καὶ</strong></span> <span class='ocrx_word' id='word_1_9' title='bbox 1760 235 1866 288; x_wconf 82' lang='grc' dir='ltr'><strong>τούς</strong></span> <span class='ocrx_word' id='word_1_10' title='bbox 1895 238 2001 289; x_wconf 84' lang='grc' dir='ltr'><strong>σούς</strong></span> <span class='ocrx_word' id='word_1_11' title='bbox 2026 235 2218 296; x_wconf 72' lang='grc' dir='ltr'><strong><em>θρόνους</em></strong></span> 
     </span>
     <span class='ocr_line' id='line_1_3' title="bbox 1069 321 1385 364; baseline 0.006 -14"><span class='ocrx_word' id='word_1_12' title='bbox 1069 321 1385 364; x_wconf 62' lang='grc' dir='ltr'><strong><em>κρατουσικ</em></strong></span> 
     </span>
    </p>

    <p class='ocr_par' dir='ltr' id='par_1_3' title="bbox 253 376 2717 804">
     <span class='ocr_line' id='line_1_4' title="bbox 370 376 2717 441; baseline 0.006 -20"><span class='ocrx_word' id='word_1_13' title='bbox 370 379 422 421; x_wconf 94' lang='lat' dir='ltr'><strong>In</strong></span> <span class='ocrx_word' id='word_1_14' title='bbox 440 377 521 421; x_wconf 92' lang='lat' dir='ltr'><strong>hoc</strong></span> <span class='ocrx_word' id='word_1_15' title='bbox 540 388 668 420; x_wconf 85' lang='lat' dir='ltr'><strong>versu</strong></span> <span class='ocrx_word' id='word_1_16' title='bbox 687 376 883 433; x_wconf 86' lang='lat' dir='ltr'><strong>potiendi</strong></span> <span class='ocrx_word' id='word_1_17' title='bbox 902 379 1036 425; x_wconf 83' lang='lat' dir='ltr'><strong>verbo</strong></span> <span class='ocrx_word' id='word_1_18' title='bbox 1055 383 1246 436; x_wconf 74' lang='grc' dir='ltr'><strong><em>κρατεῖν,</em></strong></span> <span class='ocrx_word' id='word_1_19' title='bbox 1276 381 1392 438; x_wconf 87' lang='lat' dir='ltr'><strong>quod</strong></span> <span class='ocrx_word' id='word_1_20' title='bbox 1409 382 1660 439; x_wconf 89' lang='lat' dir='ltr'><strong>plerumque</strong></span> <span class='ocrx_word' id='word_1_21' title='bbox 1679 381 1918 438; x_wconf 82' lang='lat' dir='ltr'><strong>genitivum</strong></span> <span class='ocrx_word' id='word_1_22' title='bbox 1936 382 2117 441; x_wconf 80' lang='lat' dir='ltr'><strong>flagitat,</strong></span> <span class='ocrx_word' id='word_1_23' title='bbox 2144 384 2214 428; x_wconf 88' lang='lat' dir='ltr'><strong>hie</strong></span> <span class='ocrx_word' id='word_1_24' title='bbox 2233 398 2335 430; x_wconf 84' lang='lat' dir='ltr'><strong>vero</strong></span> <span class='ocrx_word' id='word_1_25' title='bbox 2354 400 2449 430; x_wconf 91' lang='lat' dir='ltr'><strong>cum</strong></span> <span class='ocrx_word' id='word_1_26' title='bbox 2468 392 2717 436; x_wconf 78' lang='lat' dir='ltr'><strong>accusativo</strong></span> 
     </span>
     <span class='ocr_line' id='line_1_5' title="bbox 255 452 2715 515; baseline 0.005 -19"><span class='ocrx_word' id='word_1_27' title='bbox 255 457 323 497; x_wconf 79' lang='lat' dir='ltr'><strong>est</strong></span> <span class='ocrx_word' id='word_1_28' title='bbox 344 453 554 511; x_wconf 83' lang='lat' dir='ltr'><strong>junctum,</strong></span> <span class='ocrx_word' id='word_1_29' title='bbox 582 466 669 498; x_wconf 87' lang='lat' dir='ltr'><strong>non</strong></span> <span class='ocrx_word' id='word_1_30' title='bbox 695 466 795 500; x_wconf 89' lang='lat' dir='ltr'><strong>esse</strong></span> <span class='ocrx_word' id='word_1_31' title='bbox 822 453 966 498; x_wconf 90' lang='lat' dir='ltr'><strong>locum</strong></span> <span class='ocrx_word' id='word_1_32' title='bbox 992 453 1118 496; x_wconf 89' lang='lat' dir='ltr'><strong>multi</strong></span> <span class='ocrx_word' id='word_1_33' title='bbox 1144 452 1326 505; x_wconf 82' lang='lat' dir='ltr'><strong>fuerunt,</strong></span> <span class='ocrx_word' id='word_1_34' title='bbox 1354 453 1428 509; x_wconf 91' lang='lat' dir='ltr'><strong>qui</strong></span> <span class='ocrx_word' id='word_1_35' title='bbox 1456 454 1756 511; x_wconf 81' lang='lat' dir='ltr'><strong>intelligerent.</strong></span> <span class='ocrx_word' id='word_1_36' title='bbox 1814 456 1952 499; x_wconf 86' lang='lat' dir='ltr'><strong>Nemo</strong></span> <span class='ocrx_word' id='word_1_37' title='bbox 1979 461 2138 515; x_wconf 88' lang='lat' dir='ltr'><strong>tamen,</strong></span> <span class='ocrx_word' id='word_1_38' title='bbox 2167 459 2377 514; x_wconf 89' lang='lat' dir='ltr'><strong>quomodo</strong></span> <span class='ocrx_word' id='word_1_39' title='bbox 2403 461 2580 506; x_wconf 81' lang='lat' dir='ltr'><strong>verbum</strong></span> <span class='ocrx_word' id='word_1_40' title='bbox 2608 464 2715 510; x_wconf 87' lang='lat' dir='ltr'><strong>illud</strong></span> 
     </span>
     <span class='ocr_line' id='line_1_6' title="bbox 257 525 2715 589; baseline 0.004 -19"><span class='ocrx_word' id='word_1_41' title='bbox 257 525 570 571; x_wconf 87' lang='lat' dir='ltr'><strong>emendandum</strong></span> <span class='ocrx_word' id='word_1_42' title='bbox 596 531 726 585; x_wconf 86' lang='lat' dir='ltr'><strong>esset,</strong></span> <span class='ocrx_word' id='word_1_43' title='bbox 755 527 932 572; x_wconf 82' lang='lat' dir='ltr'><strong>invenit.</strong></span> <span class='ocrx_word' id='word_1_44' title='bbox 979 527 1093 570; x_wconf 88' lang='lat' dir='ltr'><strong>Nam</strong></span> <span class='ocrx_word' id='word_1_45' title='bbox 1111 539 1251 582; x_wconf 89' lang='lat' dir='ltr'><strong>neque</strong></span> <span class='ocrx_word' id='word_1_46' title='bbox 1280 527 1394 583; x_wconf 88' lang='lat' dir='ltr'><strong>quod</strong></span> <span class='ocrx_word' id='word_1_47' title='bbox 1421 528 1673 584; x_wconf 86' lang='lat' dir='ltr'><strong>Hartungus</strong></span> <span class='ocrx_word' id='word_1_48' title='bbox 1698 529 1922 586; x_wconf 79' lang='lat' dir='ltr'><strong>proposuit</strong></span> <span class='ocrx_word' id='word_1_49' title='bbox 1946 533 2182 585; x_wconf 78' lang='grc' dir='ltr'><strong><em>κρανοῦσιν</em></strong></span> <span class='ocrx_word' id='word_1_50' title='bbox 2200 545 2338 589; x_wconf 91' lang='lat' dir='ltr'><strong>neque</strong></span> <span class='ocrx_word' id='word_1_51' title='bbox 2358 533 2472 589; x_wconf 90' lang='lat' dir='ltr'><strong>quod</strong></span> <span class='ocrx_word' id='word_1_52' title='bbox 2489 535 2715 582; x_wconf 85' lang='lat' dir='ltr'><strong>Nauckius</strong></span> 
     </span>
     <span class='ocr_line' id='line_1_7' title="bbox 259 599 2715 665; baseline 0.004 -21"><span class='ocrx_word' id='word_1_53' title='bbox 259 599 394 644; x_wconf 79' lang='lat' dir='ltr'><strong>voluit</strong></span> <span class='ocrx_word' id='word_1_54' title='bbox 421 602 647 657; x_wconf 71' lang='grc' dir='ltr'><strong><em>κρινοῦσιν</em></strong></span> <span class='ocrx_word' id='word_1_55' title='bbox 676 601 812 646; x_wconf 86' lang='lat' dir='ltr'><strong>verba</strong></span> <span class='ocrx_word' id='word_1_56' title='bbox 839 604 961 657; x_wconf 90' lang='lat' dir='ltr'><strong>sunt,</strong></span> <span class='ocrx_word' id='word_1_57' title='bbox 991 612 1101 657; x_wconf 90' lang='lat' dir='ltr'><strong>quae</strong></span> <span class='ocrx_word' id='word_1_58' title='bbox 1131 601 1185 643; x_wconf 91' lang='lat' dir='ltr'><strong>de</strong></span> <span class='ocrx_word' id='word_1_59' title='bbox 1214 600 1332 643; x_wconf 90' lang='lat' dir='ltr'><strong>Diris</strong></span> <span class='ocrx_word' id='word_1_60' title='bbox 1361 606 1541 657; x_wconf 81' lang='lat' dir='ltr'><strong>possunt</strong></span> <span class='ocrx_word' id='word_1_61' title='bbox 1572 601 1781 658; x_wconf 86' lang='lat' dir='ltr'><strong>usurpari.</strong></span> <span class='ocrx_word' id='word_1_62' title='bbox 1837 602 1895 646; x_wconf 87' lang='lat' dir='ltr'><strong>At</strong></span> <span class='ocrx_word' id='word_1_63' title='bbox 1922 601 2196 647; x_wconf 85' lang='lat' dir='ltr'><strong>manifestum</strong></span> <span class='ocrx_word' id='word_1_64' title='bbox 2225 611 2292 649; x_wconf 89' lang='lat' dir='ltr'><strong>est</strong></span> <span class='ocrx_word' id='word_1_65' title='bbox 2321 606 2576 665; x_wconf 85' lang='lat' dir='ltr'><strong>Sophoclem</strong></span> <span class='ocrx_word' id='word_1_66' title='bbox 2605 625 2715 654; x_wconf 76' lang='lat' dir='ltr'><strong>na·</strong></span> 
     </span>
     <span class='ocr_line' id='line_1_8' title="bbox 253 674 2711 733; baseline 0.005 -17"><span class='ocrx_word' id='word_1_67' title='bbox 253 675 447 717; x_wconf 83' lang='grc' dir='ltr'><strong><em>τοῦσιν</em></strong></span> <span class='ocrx_word' id='word_1_68' title='bbox 489 674 732 731; x_wconf 82' lang='lat' dir='ltr'><strong>scripsisse.</strong></span> <span class='ocrx_word' id='word_1_69' title='bbox 790 676 884 718; x_wconf 91' lang='lat' dir='ltr'><strong>Hoc</strong></span> <span class='ocrx_word' id='word_1_70' title='bbox 926 675 1057 718; x_wconf 82' lang='lat' dir='ltr'><strong>verbo</strong></span> <span class='ocrx_word' id='word_1_71' title='bbox 1101 674 1336 730; x_wconf 90' lang='lat' dir='ltr'><strong>Sophocles</strong></span> <span class='ocrx_word' id='word_1_72' title='bbox 1381 674 1508 716; x_wconf 91' lang='lat' dir='ltr'><strong>etiam</strong></span> <span class='ocrx_word' id='word_1_73' title='bbox 1552 675 1674 730; x_wconf 75' lang='lat' dir='ltr'><strong>AJac.</strong></span> <span class='ocrx_word' id='word_1_74' title='bbox 1704 689 1743 717; x_wconf 89' lang='lat' dir='ltr'><strong>v.</strong></span> <span class='ocrx_word' id='word_1_75' title='bbox 1777 676 1908 731; x_wconf 85' lang='lat'><strong>1335,</strong></span> <span class='ocrx_word' id='word_1_76' title='bbox 1952 677 2098 733; x_wconf 87' lang='lat' dir='ltr'><strong>Antig.</strong></span> <span class='ocrx_word' id='word_1_77' title='bbox 2128 692 2168 721; x_wconf 83' lang='lat' dir='ltr'><strong>v.</strong></span> <span class='ocrx_word' id='word_1_78' title='bbox 2200 680 2283 723; x_wconf 83' lang='lat'><strong>745</strong></span> <span class='ocrx_word' id='word_1_79' title='bbox 2320 694 2422 725; x_wconf 90' lang='lat' dir='ltr'><strong>usus</strong></span> <span class='ocrx_word' id='word_1_80' title='bbox 2455 688 2533 726; x_wconf 91' lang='lat' dir='ltr'><strong>est.</strong></span> <span class='ocrx_word' id='word_1_81' title='bbox 2590 685 2711 728; x_wconf 87' lang='lat' dir='ltr'><strong>Idem</strong></span> 
     </span>
     <span class='ocr_line' id='line_1_9' title="bbox 253 746 735 804; baseline -0.002 -14"><span class='ocrx_word' id='word_1_82' title='bbox 253 746 470 804; x_wconf 72' lang='lat' dir='ltr'><strong>significat</strong></span> <span class='ocrx_word' id='word_1_83' title='bbox 498 746 735 801; x_wconf 80' lang='grc' dir='ltr'><strong><em>λακτίζειν.</em></strong></span> 
     </span>
    </p>

    <p class='ocr_par' dir='ltr' id='par_1_4' title="bbox 813 816 2310 1096">
     <span class='ocr_line' id='line_1_10' title="bbox 813 816 2106 878; baseline 0.002 -15"><span class='ocrx_word' id='word_1_84' title='bbox 813 822 862 863; x_wconf 88' lang='lat' dir='ltr'><strong>V.</strong></span> <span class='ocrx_word' id='word_1_85' title='bbox 895 821 1004 863; x_wconf 83' lang='lat'>1405</span> <span class='ocrx_word' id='word_1_86' title='bbox 1060 816 1096 863; x_wconf 82' lang='grc' dir='ltr'><strong><em>ὦ</em></strong></span> <span class='ocrx_word' id='word_1_87' title='bbox 1127 817 1252 863; x_wconf 79' lang='grc' dir='ltr'><strong><em>τοῦδ’</em></strong></span> <span class='ocrx_word' id='word_1_88' title='bbox 1286 818 1476 874; x_wconf 77' lang='grc' dir='ltr'><strong><em>ὅμαιμοι</em></strong></span> <span class='ocrx_word' id='word_1_89' title='bbox 1505 821 1681 872; x_wconf 81' lang='grc' dir='ltr'><strong><em>παῖδες,</em></strong></span> <span class='ocrx_word' id='word_1_90' title='bbox 1711 817 1810 864; x_wconf 73' lang='grc' dir='ltr'><strong>ἀλλ’</strong></span> <span class='ocrx_word' id='word_1_91' title='bbox 1839 818 1976 878; x_wconf 75' lang='grc' dir='ltr'><strong><em>ὑμεῖς,</em></strong></span> <span class='ocrx_word' id='word_1_92' title='bbox 2007 821 2106 865; x_wconf 81' lang='grc' dir='ltr'><strong><em>ἐπεὶ</em></strong></span> 
     </span>
     <span class='ocr_line' id='line_1_11' title="bbox 1061 890 2146 951; baseline 0.002 -15"><span class='ocrx_word' id='word_1_93' title='bbox 1061 893 1118 936; x_wconf 80' lang='grc' dir='ltr'><strong>τὰ</strong></span> <span class='ocrx_word' id='word_1_94' title='bbox 1151 891 1323 950; x_wconf 80' lang='grc' dir='ltr'><em>σκληρὰ</em></span> <span class='ocrx_word' id='word_1_95' title='bbox 1352 893 1526 950; x_wconf 83' lang='grc' dir='ltr'><strong><em>πατρὸς</em></strong></span> <span class='ocrx_word' id='word_1_96' title='bbox 1546 891 1696 938; x_wconf 81' lang='grc' dir='ltr'><strong><em>κλύετε</em></strong></span> <span class='ocrx_word' id='word_1_97' title='bbox 1724 891 1874 937; x_wconf 79' lang='grc' dir='ltr'><strong><em>τοῦδ’</em></strong></span> <span class='ocrx_word' id='word_1_98' title='bbox 1902 890 2146 951; x_wconf 79' lang='grc' dir='ltr'><strong><em>ἆρωμὲνου,</em></strong></span> 
     </span>
     <span class='ocr_line' id='line_1_12' title="bbox 1061 961 2310 1027; baseline 0.005 -17"><span class='ocrx_word' id='word_1_99' title='bbox 1061 961 1123 1024; x_wconf 82' lang='grc' dir='ltr'><strong>μή</strong></span> <span class='ocrx_word' id='word_1_100' title='bbox 1152 963 1227 1011; x_wconf 87' lang='grc' dir='ltr'><strong>τοί</strong></span> <span class='ocrx_word' id='word_1_101' title='bbox 1254 983 1310 1021; x_wconf 88' lang='grc' dir='ltr'><strong><em>με</em></strong></span> <span class='ocrx_word' id='word_1_102' title='bbox 1340 965 1455 1021; x_wconf 84' lang='grc' dir='ltr'><strong><em>πρὸς</em></strong></span> <span class='ocrx_word' id='word_1_103' title='bbox 1484 968 1604 1010; x_wconf 75' lang='grc' dir='ltr'><strong><em>θεῶν</em></strong></span> <span class='ocrx_word' id='word_1_104' title='bbox 1633 965 1733 1025; x_wconf 85' lang='grc' dir='ltr'><strong>σφώ</strong></span> <span class='ocrx_word' id='word_1_105' title='bbox 1765 961 1823 1023; x_wconf 78' lang='grc' dir='ltr'><strong>γ’,</strong></span> <span class='ocrx_word' id='word_1_106' title='bbox 1854 966 1931 1013; x_wconf 74' lang='grc' dir='ltr'><strong><em>ἐὰν</em></strong></span> <span class='ocrx_word' id='word_1_107' title='bbox 1959 964 2009 1011; x_wconf 75' lang='grc' dir='ltr'><strong>αἱ</strong></span> <span class='ocrx_word' id='word_1_108' title='bbox 2037 967 2160 1014; x_wconf 76' lang='grc' dir='ltr'><strong><em>τοῦδ’</em></strong></span> <span class='ocrx_word' id='word_1_109' title='bbox 2197 968 2310 1027; x_wconf 73' lang='grc' dir='ltr'><em>ἀραὶ</em></span> 
     </span>
     <span class='ocr_line' id='line_1_13' title="bbox 1063 1039 1494 1096; baseline 0.002 -15"><span class='ocrx_word' id='word_1_110' title='bbox 1063 1039 1238 1096; x_wconf 82' lang='grc' dir='ltr'><strong><em>πατρὸς</em></strong></span> <span class='ocrx_word' id='word_1_111' title='bbox 1263 1040 1494 1083; x_wconf 57' lang='lat' dir='ltr'><strong>calcanea.</strong></span> 
     </span>
    </p>

    <p class='ocr_par' dir='ltr' id='par_1_5' title="bbox 245 1113 2709 1539">
     <span class='ocr_line' id='line_1_14' title="bbox 367 1113 2708 1173; baseline 0.004 -14"><span class='ocrx_word' id='word_1_112' title='bbox 367 1117 472 1159; x_wconf 88' lang='lat' dir='ltr'><strong>Jure</strong></span> <span class='ocrx_word' id='word_1_113' title='bbox 502 1115 689 1157; x_wconf 87' lang='lat' dir='ltr'><strong>dubitari</strong></span> <span class='ocrx_word' id='word_1_114' title='bbox 718 1120 873 1170; x_wconf 87' lang='lat' dir='ltr'><strong>potest,</strong></span> <span class='ocrx_word' id='word_1_115' title='bbox 902 1127 1005 1156; x_wconf 92' lang='lat' dir='ltr'><strong>num</strong></span> <span class='ocrx_word' id='word_1_116' title='bbox 1037 1113 1272 1170; x_wconf 88' lang='lat' dir='ltr'><strong>Sophocles</strong></span> <span class='ocrx_word' id='word_1_117' title='bbox 1301 1113 1346 1155; x_wconf 88' lang='lat' dir='ltr'><strong>in</strong></span> <span class='ocrx_word' id='word_1_118' title='bbox 1371 1113 1506 1156; x_wconf 90' lang='lat' dir='ltr'><strong>tribus</strong></span> <span class='ocrx_word' id='word_1_119' title='bbox 1536 1113 1740 1170; x_wconf 88' lang='lat' dir='ltr'><strong>deinceps</strong></span> <span class='ocrx_word' id='word_1_120' title='bbox 1770 1115 1965 1158; x_wconf 85' lang='lat' dir='ltr'><strong>versibus</strong></span> <span class='ocrx_word' id='word_1_121' title='bbox 1994 1116 2108 1159; x_wconf 90' lang='lat' dir='ltr'><strong>idem</strong></span> <span class='ocrx_word' id='word_1_122' title='bbox 2137 1131 2371 1173; x_wconf 89' lang='lat' dir='ltr'><strong>pronomen</strong></span> <span class='ocrx_word' id='word_1_123' title='bbox 2396 1119 2523 1165; x_wconf 79' lang='grc' dir='ltr'><strong><em>τοῦδ’</em></strong></span> <span class='ocrx_word' id='word_1_124' title='bbox 2555 1123 2708 1170; x_wconf 80' lang='lat' dir='ltr'><strong>terat·</strong></span> 
     </span>
     <span class='ocr_line' id='line_1_15' title="bbox 252 1187 2703 1249; baseline 0.004 -17"><span class='ocrx_word' id='word_1_125' title='bbox 252 1203 355 1243; x_wconf 88' lang='lat' dir='ltr'><strong>que,</strong></span> <span class='ocrx_word' id='word_1_126' title='bbox 394 1195 440 1231; x_wconf 90' lang='lat' dir='ltr'><strong>ut</strong></span> <span class='ocrx_word' id='word_1_127' title='bbox 469 1187 667 1243; x_wconf 55' lang='lat' dir='ltr'><strong>⁶videtur²</strong></span> <span class='ocrx_word' id='word_1_128' title='bbox 706 1188 902 1232; x_wconf 87' lang='lat' dir='ltr'><strong>diversas</strong></span> <span class='ocrx_word' id='word_1_129' title='bbox 936 1187 1185 1243; x_wconf 88' lang='lat' dir='ltr'><strong>significans</strong></span> <span class='ocrx_word' id='word_1_130' title='bbox 1215 1199 1424 1243; x_wconf 82' lang='lat' dir='ltr'><strong>personas</strong></span> <span class='ocrx_word' id='word_1_131' title='bbox 1454 1187 1659 1242; x_wconf 86' lang='lat' dir='ltr'><strong>posuerit.</strong></span> <span class='ocrx_word' id='word_1_132' title='bbox 1716 1188 1829 1231; x_wconf 88' lang='lat' dir='ltr'><strong>Nam</strong></span> <span class='ocrx_word' id='word_1_133' title='bbox 1869 1194 2050 1245; x_wconf 89' lang='lat' dir='ltr'><strong>apparet</strong></span> <span class='ocrx_word' id='word_1_134' title='bbox 2089 1205 2129 1236; x_wconf 87' lang='lat' dir='ltr'><strong>v.</strong></span> <span class='ocrx_word' id='word_1_135' title='bbox 2165 1191 2274 1235; x_wconf 86' lang='lat'>1405</span> <span class='ocrx_word' id='word_1_136' title='bbox 2300 1196 2550 1249; x_wconf 90' lang='lat' dir='ltr'><strong>pronomine</strong></span> <span class='ocrx_word' id='word_1_137' title='bbox 2578 1196 2703 1243; x_wconf 80' lang='grc' dir='ltr'><strong><em>τοῦδ’</em></strong></span> 
     </span>
     <span class='ocr_line' id='line_1_16' title="bbox 248 1260 2709 1326; baseline 0.005 -20"><span class='ocrx_word' id='word_1_138' title='bbox 248 1262 499 1319; x_wconf 86' lang='lat' dir='ltr'><strong>Polynicem</strong></span> <span class='ocrx_word' id='word_1_139' title='bbox 542 1276 590 1306; x_wconf 88' lang='lat' dir='ltr'><strong>se</strong></span> <span class='ocrx_word' id='word_1_140' title='bbox 634 1262 776 1318; x_wconf 90' lang='lat' dir='ltr'><strong>ipsum</strong></span> <span class='ocrx_word' id='word_1_141' title='bbox 819 1261 1098 1306; x_wconf 86' lang='lat' dir='ltr'><strong>intellexisse.</strong></span> <span class='ocrx_word' id='word_1_142' title='bbox 1153 1262 1285 1305; x_wconf 89' lang='lat' dir='ltr'><strong>Porro</strong></span> <span class='ocrx_word' id='word_1_143' title='bbox 1326 1274 1411 1304; x_wconf 92' lang='lat' dir='ltr'><strong>non</strong></span> <span class='ocrx_word' id='word_1_144' title='bbox 1456 1265 1522 1304; x_wconf 90' lang='lat' dir='ltr'><strong>est</strong></span> <span class='ocrx_word' id='word_1_145' title='bbox 1565 1260 1768 1305; x_wconf 83' lang='lat' dir='ltr'><strong>credibile</strong></span> <span class='ocrx_word' id='word_1_146' title='bbox 1798 1262 1953 1320; x_wconf 88' lang='lat' dir='ltr'><strong>Oedipi</strong></span> <span class='ocrx_word' id='word_1_147' title='bbox 1993 1263 2110 1308; x_wconf 90' lang='lat' dir='ltr'><strong>diras</strong></span> <span class='ocrx_word' id='word_1_148' title='bbox 2155 1265 2245 1309; x_wconf 91' lang='lat' dir='ltr'><strong>solo</strong></span> <span class='ocrx_word' id='word_1_149' title='bbox 2283 1266 2363 1312; x_wconf 91' lang='lat' dir='ltr'><strong>hoc</strong></span> <span class='ocrx_word' id='word_1_150' title='bbox 2399 1269 2614 1326; x_wconf 88' lang='lat' dir='ltr'><strong>adjectivo</strong></span> <span class='ocrx_word' id='word_1_151' title='bbox 2652 1272 2709 1318; x_wconf 85' lang='grc' dir='ltr'><strong>τὰ</strong></span> 
     </span>
     <span class='ocr_line' id='line_1_17' title="bbox 250 1333 2707 1402; baseline 0.005 -23"><span class='ocrx_word' id='word_1_152' title='bbox 250 1335 420 1393; x_wconf 77' lang='grc' dir='ltr'><em>σκληρὰ</em></span> <span class='ocrx_word' id='word_1_153' title='bbox 456 1335 692 1391; x_wconf 86' lang='lat' dir='ltr'><strong>significari</strong></span> <span class='ocrx_word' id='word_1_154' title='bbox 730 1335 934 1392; x_wconf 90' lang='lat' dir='ltr'><strong>potuisse.</strong></span> <span class='ocrx_word' id='word_1_155' title='bbox 1002 1333 1282 1379; x_wconf 88' lang='lat' dir='ltr'><strong>Desideratur</strong></span> <span class='ocrx_word' id='word_1_156' title='bbox 1320 1334 1434 1378; x_wconf 89' lang='lat' dir='ltr'><strong>enim</strong></span> <span class='ocrx_word' id='word_1_157' title='bbox 1463 1348 1697 1390; x_wconf 89' lang='lat' dir='ltr'><strong>pronomen</strong></span> <span class='ocrx_word' id='word_1_158' title='bbox 1726 1335 2127 1394; x_wconf 88' lang='lat' dir='ltr'><strong>demonstrativum,</strong></span> <span class='ocrx_word' id='word_1_159' title='bbox 2166 1353 2294 1394; x_wconf 92' lang='lat' dir='ltr'><strong>quum</strong></span> <span class='ocrx_word' id='word_1_160' title='bbox 2327 1355 2405 1397; x_wconf 90' lang='lat' dir='ltr'><strong>pro</strong></span> <span class='ocrx_word' id='word_1_161' title='bbox 2450 1342 2506 1387; x_wconf 78' lang='grc' dir='ltr'><strong>τὰ</strong></span> <span class='ocrx_word' id='word_1_162' title='bbox 2537 1346 2707 1402; x_wconf 83' lang='grc' dir='ltr'><strong><em>σκληρὰ</em></strong></span> 
     </span>
     <span class='ocr_line' id='line_1_18' title="bbox 247 1406 2706 1474; baseline 0.004 -19"><span class='ocrx_word' id='word_1_163' title='bbox 247 1409 474 1455; x_wconf 89' lang='lat' dir='ltr'><strong>dicendum</strong></span> <span class='ocrx_word' id='word_1_164' title='bbox 504 1411 630 1455; x_wconf 67' lang='lat' dir='ltr'><strong>Yesset</strong></span> <span class='ocrx_word' id='word_1_165' title='bbox 667 1410 807 1453; x_wconf 83' lang='grc' dir='ltr'><em>ταῦτα</em></span> <span class='ocrx_word' id='word_1_166' title='bbox 846 1407 901 1452; x_wconf 83' lang='grc' dir='ltr'><strong>τὰ</strong></span> <span class='ocrx_word' id='word_1_167' title='bbox 939 1406 1121 1464; x_wconf 80' lang='grc' dir='ltr'><em>σκληρά.</em></span> <span class='ocrx_word' id='word_1_168' title='bbox 1207 1407 1348 1461; x_wconf 87' lang='lat' dir='ltr'><strong>Quare</strong></span> <span class='ocrx_word' id='word_1_169' title='bbox 1387 1407 1723 1453; x_wconf 88' lang='lat' dir='ltr'><strong>existimaverim</strong></span> <span class='ocrx_word' id='word_1_170' title='bbox 1757 1409 1801 1453; x_wconf 87' lang='lat' dir='ltr'><strong>in</strong></span> <span class='ocrx_word' id='word_1_171' title='bbox 1840 1425 1880 1456; x_wconf 88' lang='lat' dir='ltr'><strong>v.</strong></span> <span class='ocrx_word' id='word_1_172' title='bbox 1922 1410 2029 1455; x_wconf 90' lang='lat'>1406</span> <span class='ocrx_word' id='word_1_173' title='bbox 2063 1425 2142 1469; x_wconf 91' lang='lat' dir='ltr'><strong>pro</strong></span> <span class='ocrx_word' id='word_1_174' title='bbox 2174 1409 2309 1467; x_wconf 68' lang='lat'><strong><em>[1056’</em></strong></span> <span class='ocrx_word' id='word_1_175' title='bbox 2341 1415 2472 1460; x_wconf 86' lang='lat' dir='ltr'><strong>scribi</strong></span> <span class='ocrx_word' id='word_1_176' title='bbox 2510 1423 2706 1474; x_wconf 88' lang='lat' dir='ltr'><strong>oportere</strong></span> 
     </span>
     <span class='ocr_line' id='line_1_19' title="bbox 245 1480 2054 1539; baseline 0.002 -13"><span class='ocrx_word' id='word_1_177' title='bbox 245 1480 419 1527; x_wconf 78' lang='grc' dir='ltr'><strong><em>ταῦτ’.</em></strong></span> <span class='ocrx_word' id='word_1_178' title='bbox 475 1483 576 1527; x_wconf 89' lang='lat' dir='ltr'><strong>Jam</strong></span> <span class='ocrx_word' id='word_1_179' title='bbox 604 1481 706 1528; x_wconf 91' lang='lat' dir='ltr'><strong>licet</strong></span> <span class='ocrx_word' id='word_1_180' title='bbox 732 1480 930 1539; x_wconf 89' lang='lat' dir='ltr'><strong>Polynici</strong></span> <span class='ocrx_word' id='word_1_181' title='bbox 962 1480 1017 1526; x_wconf 89' lang='lat' dir='ltr'><strong>de</strong></span> <span class='ocrx_word' id='word_1_182' title='bbox 1045 1485 1169 1539; x_wconf 87' lang='lat' dir='ltr'><strong>patre</strong></span> <span class='ocrx_word' id='word_1_183' title='bbox 1200 1480 1387 1526; x_wconf 88' lang='lat' dir='ltr'><strong>seeundo</strong></span> <span class='ocrx_word' id='word_1_184' title='bbox 1417 1481 1511 1526; x_wconf 90' lang='lat' dir='ltr'><strong>loco</strong></span> <span class='ocrx_word' id='word_1_185' title='bbox 1539 1481 1670 1526; x_wconf 76' lang='grc' dir='ltr'><strong><em>τοῦδε</em></strong></span> <span class='ocrx_word' id='word_1_186' title='bbox 1698 1482 1870 1539; x_wconf 80' lang='grc' dir='ltr'><strong><em>πατρὸς</em></strong></span> <span class='ocrx_word' id='word_1_187' title='bbox 1899 1483 2054 1529; x_wconf 90' lang='lat' dir='ltr'><strong>dicere.</strong></span> 
     </span>
    </p>

    <p class='ocr_par' dir='ltr' id='par_1_6' title="bbox 805 1550 2088 1613">
     <span class='ocr_line' id='line_1_20' title="bbox 805 1550 2088 1613; baseline 0 -14"><span class='ocrx_word' id='word_1_188' title='bbox 805 1555 857 1601; x_wconf 91' lang='lat' dir='ltr'><strong>V.</strong></span> <span class='ocrx_word' id='word_1_189' title='bbox 891 1555 1002 1599; x_wconf 89' lang='grc'>1410</span> <span class='ocrx_word' id='word_1_190' title='bbox 1060 1551 1160 1598; x_wconf 76' lang='grc' dir='ltr'><strong>ἀλλ’</strong></span> <span class='ocrx_word' id='word_1_191' title='bbox 1193 1553 1238 1598; x_wconf 81' lang='grc' dir='ltr'><strong><em>ἑν</em></strong></span> <span class='ocrx_word' id='word_1_192' title='bbox 1269 1553 1455 1613; x_wconf 78' lang='grc' dir='ltr'><em>τάφοισι</em></span> <span class='ocrx_word' id='word_1_193' title='bbox 1484 1553 1630 1599; x_wconf 68' lang='grc' dir='ltr'><strong><em>θέσθε</em></strong></span> <span class='ocrx_word' id='word_1_194' title='bbox 1660 1550 1759 1599; x_wconf 81' lang='grc' dir='ltr'><strong><em>κάν</em></strong></span> <span class='ocrx_word' id='word_1_195' title='bbox 1788 1554 2088 1612; x_wconf 80' lang='grc' dir='ltr'><strong><em>κτερίσμασιν.</em></strong></span> 
     </span>
    </p>

    <p class='ocr_par' dir='ltr' id='par_1_7' title="bbox 244 1624 2704 1836">
     <span class='ocr_line' id='line_1_21' title="bbox 357 1624 2704 1686; baseline 0.004 -12"><span class='ocrx_word' id='word_1_196' title='bbox 357 1630 497 1675; x_wconf 83' lang='lat' dir='ltr'><strong>Nemo</strong></span> <span class='ocrx_word' id='word_1_197' title='bbox 536 1641 740 1684; x_wconf 92' lang='lat' dir='ltr'><strong>umquam</strong></span> <span class='ocrx_word' id='word_1_198' title='bbox 777 1629 989 1685; x_wconf 84' lang='lat' dir='ltr'><strong>exemplis</strong></span> <span class='ocrx_word' id='word_1_199' title='bbox 1027 1627 1225 1686; x_wconf 85' lang='lat' dir='ltr'><strong>probavit</strong></span> <span class='ocrx_word' id='word_1_200' title='bbox 1265 1626 1440 1672; x_wconf 76' lang='grc' dir='ltr'><strong><em>θέσθαι</em></strong></span> <span class='ocrx_word' id='word_1_201' title='bbox 1479 1624 1525 1670; x_wconf 77' lang='grc' dir='ltr'><strong><em>ἐν</em></strong></span> <span class='ocrx_word' id='word_1_202' title='bbox 1563 1627 1824 1685; x_wconf 78' lang='grc' dir='ltr'><strong><em>κτερίσμασι</em></strong></span> <span class='ocrx_word' id='word_1_203' title='bbox 1863 1627 2052 1674; x_wconf 83' lang='lat' dir='ltr'><strong>Graecos</strong></span> <span class='ocrx_word' id='word_1_204' title='bbox 2088 1629 2231 1674; x_wconf 90' lang='lat' dir='ltr'><strong>dicere</strong></span> <span class='ocrx_word' id='word_1_205' title='bbox 2264 1632 2413 1678; x_wconf 89' lang='lat' dir='ltr'><strong>solitos</strong></span> <span class='ocrx_word' id='word_1_206' title='bbox 2443 1648 2552 1682; x_wconf 90' lang='lat' dir='ltr'><strong>esse.</strong></span> <span class='ocrx_word' id='word_1_207' title='bbox 2610 1639 2704 1683; x_wconf 93' lang='lat' dir='ltr'><strong>Imo</strong></span> 
     </span>
     <span class='ocr_line' id='line_1_22' title="bbox 247 1698 2702 1765; baseline 0.003 -16"><span class='ocrx_word' id='word_1_208' title='bbox 247 1717 388 1760; x_wconf 89' lang='lat' dir='ltr'><strong>neque</strong></span> <span class='ocrx_word' id='word_1_209' title='bbox 417 1703 639 1760; x_wconf 88' lang='lat' dir='ltr'><strong>dixerunt,</strong></span> <span class='ocrx_word' id='word_1_210' title='bbox 679 1714 819 1758; x_wconf 91' lang='lat' dir='ltr'><strong>neque</strong></span> <span class='ocrx_word' id='word_1_211' title='bbox 857 1701 1000 1746; x_wconf 86' lang='lat' dir='ltr'><strong>dicere</strong></span> <span class='ocrx_word' id='word_1_212' title='bbox 1028 1705 1271 1759; x_wconf 87' lang='lat' dir='ltr'><strong>potuerunt.</strong></span> <span class='ocrx_word' id='word_1_213' title='bbox 1327 1700 1472 1754; x_wconf 84' lang='lat' dir='ltr'><strong>Quare</strong></span> <span class='ocrx_word' id='word_1_214' title='bbox 1498 1701 1740 1758; x_wconf 87' lang='lat' dir='ltr'><strong>putaverim</strong></span> <span class='ocrx_word' id='word_1_215' title='bbox 1769 1700 1864 1745; x_wconf 83' lang='grc' dir='ltr'><strong><em>σὺν</em></strong></span> <span class='ocrx_word' id='word_1_216' title='bbox 1893 1716 1970 1759; x_wconf 89' lang='lat' dir='ltr'><strong>pro</strong></span> <span class='ocrx_word' id='word_1_217' title='bbox 2000 1698 2080 1765; x_wconf 59' lang='grc' dir='ltr'><strong><em>νᾶν</em></strong></span> <span class='ocrx_word' id='word_1_218' title='bbox 2108 1705 2379 1750; x_wconf 87' lang='lat' dir='ltr'><strong>scribendum</strong></span> <span class='ocrx_word' id='word_1_219' title='bbox 2409 1721 2517 1753; x_wconf 85' lang='lat' dir='ltr'><strong>esse.</strong></span> <span class='ocrx_word' id='word_1_220' title='bbox 2574 1712 2702 1757; x_wconf 89' lang='lat' dir='ltr'><strong>Prae-</strong></span> 
     </span>
     <span class='ocr_line' id='line_1_23' title="bbox 244 1774 2540 1836; baseline 0.002 -14"><span class='ocrx_word' id='word_1_221' title='bbox 244 1778 457 1836; x_wconf 91' lang='lat' dir='ltr'><strong>positione</strong></span> <span class='ocrx_word' id='word_1_222' title='bbox 487 1776 566 1821; x_wconf 81' lang='grc' dir='ltr'><strong><em>σὺν</em></strong></span> <span class='ocrx_word' id='word_1_223' title='bbox 595 1775 789 1820; x_wconf 88' lang='lat' dir='ltr'><strong>adhibita</strong></span> <span class='ocrx_word' id='word_1_224' title='bbox 808 1776 934 1831; x_wconf 89' lang='lat' dir='ltr'><strong>jubet</strong></span> <span class='ocrx_word' id='word_1_225' title='bbox 958 1775 1187 1832; x_wconf 87' lang='lat' dir='ltr'><strong>Polynices</strong></span> <span class='ocrx_word' id='word_1_226' title='bbox 1213 1787 1380 1818; x_wconf 88' lang='lat' dir='ltr'><strong>sorores</strong></span> <span class='ocrx_word' id='word_1_227' title='bbox 1410 1775 1454 1816; x_wconf 92' lang='lat' dir='ltr'><strong>in</strong></span> <span class='ocrx_word' id='word_1_228' title='bbox 1479 1774 1702 1831; x_wconf 85' lang='lat' dir='ltr'><strong>sepultura</strong></span> <span class='ocrx_word' id='word_1_229' title='bbox 1730 1775 1859 1818; x_wconf 90' lang='lat' dir='ltr'><strong>etiam</strong></span> <span class='ocrx_word' id='word_1_230' title='bbox 1886 1776 2097 1819; x_wconf 89' lang='lat' dir='ltr'><strong>solemnia</strong></span> <span class='ocrx_word' id='word_1_231' title='bbox 2122 1777 2235 1821; x_wconf 91' lang='lat' dir='ltr'><strong>dona</strong></span> <span class='ocrx_word' id='word_1_232' title='bbox 2263 1779 2346 1823; x_wconf 90' lang='lat' dir='ltr'><strong>sibi</strong></span> <span class='ocrx_word' id='word_1_233' title='bbox 2376 1782 2540 1827; x_wconf 85' lang='lat' dir='ltr'><strong>offerre.</strong></span> 
     </span>
    </p>

    <p class='ocr_par' dir='ltr' id='par_1_8' title="bbox 806 1844 2308 1979">
     <span class='ocr_line' id='line_1_24' title="bbox 806 1844 2308 1908; baseline 0.003 -16"><span class='ocrx_word' id='word_1_234' title='bbox 806 1850 855 1893; x_wconf 93' lang='lat' dir='ltr'><strong>V.</strong></span> <span class='ocrx_word' id='word_1_235' title='bbox 889 1849 999 1892; x_wconf 87' lang='lat'>1435</span> <span class='ocrx_word' id='word_1_236' title='bbox 1056 1851 1206 1906; x_wconf 76' lang='grc' dir='ltr'><strong><em>σφῷν</em></strong></span> <span class='ocrx_word' id='word_1_237' title='bbox 1235 1844 1280 1890; x_wconf 76' lang='grc' dir='ltr'><strong>δ’</strong></span> <span class='ocrx_word' id='word_1_238' title='bbox 1314 1845 1545 1904; x_wconf 81' lang='grc' dir='ltr'><strong><em>εὖοὸοίη</em></strong></span> <span class='ocrx_word' id='word_1_239' title='bbox 1571 1847 1686 1899; x_wconf 76' lang='grc' dir='ltr'><strong><em>Ζεὺς</em></strong></span> <span class='ocrx_word' id='word_1_240' title='bbox 1713 1844 1814 1891; x_wconf 80' lang='grc' dir='ltr'><strong>τάδ’</strong></span> <span class='ocrx_word' id='word_1_241' title='bbox 1848 1847 1897 1892; x_wconf 82' lang='grc' dir='ltr'><strong><em>εἷ</em></strong></span> <span class='ocrx_word' id='word_1_242' title='bbox 1926 1851 2184 1894; x_wconf 82' lang='grc' dir='ltr'><strong><em>τελεῖται</em></strong></span> <span class='ocrx_word' id='word_1_243' title='bbox 2212 1868 2308 1908; x_wconf 89' lang='grc' dir='ltr'><strong>μοι</strong></span> 
     </span>
     <span class='ocr_line' id='line_1_25' title="bbox 1054 1915 2139 1979; baseline 0.001 -13"><span class='ocrx_word' id='word_1_244' title='bbox 1054 1917 1242 1966; x_wconf 76' lang='grc' dir='ltr'><strong><em>θανόντ’</em></strong></span> <span class='ocrx_word' id='word_1_245' title='bbox 1274 1915 1515 1975; x_wconf 69' lang='grc' dir='ltr'><strong><em>ἑποῖἱμοι</em></strong></span> <span class='ocrx_word' id='word_1_246' title='bbox 1547 1920 1708 1975; x_wconf 78' lang='grc' dir='ltr'><strong><em>ζῶντι</em></strong></span> <span class='ocrx_word' id='word_1_247' title='bbox 1739 1919 1781 1979; x_wconf 77' lang='grc' dir='ltr'><strong>γ’</strong></span> <span class='ocrx_word' id='word_1_248' title='bbox 1814 1917 1951 1976; x_wconf 74' lang='grc' dir='ltr'><strong><em>αὖθις</em></strong></span> <span class='ocrx_word' id='word_1_249' title='bbox 1980 1921 2139 1976; x_wconf 69' lang='grc' dir='ltr'><strong><em>ἕξεων.</em></strong></span> 
     </span>
    </p>

    <p class='ocr_par' dir='ltr' id='par_1_9' title="bbox 231 1995 2702 3375">
     <span class='ocr_line' id='line_1_26' title="bbox 358 1995 2702 2064; baseline 0.003 -21"><span class='ocrx_word' id='word_1_250' title='bbox 358 2000 622 2057; x_wconf 87' lang='lat' dir='ltr'><strong>Interpretes</strong></span> <span class='ocrx_word' id='word_1_251' title='bbox 662 2012 748 2043; x_wconf 94' lang='lat' dir='ltr'><strong>non</strong></span> <span class='ocrx_word' id='word_1_252' title='bbox 781 1997 939 2055; x_wconf 87' lang='lat' dir='ltr'><strong>injuria</strong></span> <span class='ocrx_word' id='word_1_253' title='bbox 976 1997 1021 2040; x_wconf 93' lang='lat' dir='ltr'><strong>in</strong></span> <span class='ocrx_word' id='word_1_254' title='bbox 1055 1995 1122 2040; x_wconf 89' lang='lat' dir='ltr'><strong>his</strong></span> <span class='ocrx_word' id='word_1_255' title='bbox 1160 1995 1355 2040; x_wconf 89' lang='lat' dir='ltr'><strong>versibus</strong></span> <span class='ocrx_word' id='word_1_256' title='bbox 1386 1995 1718 2039; x_wconf 87' lang='lat' dir='ltr'><strong>haesitaverunt.</strong></span> <span class='ocrx_word' id='word_1_257' title='bbox 1777 1996 1815 2039; x_wconf 93' lang='lat' dir='ltr'><strong>Ii</strong></span> <span class='ocrx_word' id='word_1_258' title='bbox 1853 2010 1954 2041; x_wconf 86' lang='lat' dir='ltr'><strong>vero</strong></span> <span class='ocrx_word' id='word_1_259' title='bbox 1984 1998 2315 2055; x_wconf 87' lang='lat' dir='ltr'><strong>reprehensione</strong></span> <span class='ocrx_word' id='word_1_260' title='bbox 2343 2000 2542 2047; x_wconf 88' lang='lat' dir='ltr'><strong>videntur</strong></span> <span class='ocrx_word' id='word_1_261' title='bbox 2569 2004 2702 2064; x_wconf 84' lang='lat' dir='ltr'><strong>digni,</strong></span> 
     </span>
     <span class='ocr_line' id='line_1_27' title="bbox 243 2069 2700 2128; baseline 0.002 -11"><span class='ocrx_word' id='word_1_262' title='bbox 243 2073 317 2128; x_wconf 90' lang='lat' dir='ltr'><strong>qui</strong></span> <span class='ocrx_word' id='word_1_263' title='bbox 352 2072 407 2117; x_wconf 91' lang='lat' dir='ltr'><strong>de</strong></span> <span class='ocrx_word' id='word_1_264' title='bbox 445 2071 639 2116; x_wconf 86' lang='lat' dir='ltr'><strong>sanando</strong></span> <span class='ocrx_word' id='word_1_265' title='bbox 676 2071 757 2116; x_wconf 92' lang='lat' dir='ltr'><strong>hoc</strong></span> <span class='ocrx_word' id='word_1_266' title='bbox 796 2071 890 2115; x_wconf 89' lang='lat' dir='ltr'><strong>loco</strong></span> <span class='ocrx_word' id='word_1_267' title='bbox 914 2071 1034 2127; x_wconf 88' lang='lat' dir='ltr'><strong>justo</strong></span> <span class='ocrx_word' id='word_1_268' title='bbox 1066 2069 1192 2113; x_wconf 89' lang='lat' dir='ltr'><strong>citius</strong></span> <span class='ocrx_word' id='word_1_269' title='bbox 1222 2069 1441 2126; x_wconf 87' lang='lat' dir='ltr'><strong>desperati</strong></span> <span class='ocrx_word' id='word_1_270' title='bbox 1469 2070 1651 2113; x_wconf 90' lang='lat' dir='ltr'><strong>alterum</strong></span> <span class='ocrx_word' id='word_1_271' title='bbox 1675 2082 1847 2114; x_wconf 86' lang='lat' dir='ltr'><strong>versum</strong></span> <span class='ocrx_word' id='word_1_272' title='bbox 1882 2075 2017 2114; x_wconf 86' lang='lat' dir='ltr'><strong>totum</strong></span> <span class='ocrx_word' id='word_1_273' title='bbox 2045 2072 2279 2116; x_wconf 92' lang='lat' dir='ltr'><strong>tollendum</strong></span> <span class='ocrx_word' id='word_1_274' title='bbox 2308 2087 2404 2118; x_wconf 90' lang='lat' dir='ltr'><strong>esse</strong></span> <span class='ocrx_word' id='word_1_275' title='bbox 2434 2085 2700 2123; x_wconf 90' lang='lat' dir='ltr'><strong>censuerunt.</strong></span> 
     </span>
     <span class='ocr_line' id='line_1_28' title="bbox 240 2141 2700 2199; baseline 0.003 -9"><span class='ocrx_word' id='word_1_276' title='bbox 240 2147 308 2190; x_wconf 92' lang='lat' dir='ltr'><strong>De</strong></span> <span class='ocrx_word' id='word_1_277' title='bbox 338 2145 516 2190; x_wconf 89' lang='lat' dir='ltr'><strong>elisione</strong></span> <span class='ocrx_word' id='word_1_278' title='bbox 544 2145 708 2189; x_wconf 88' lang='lat' dir='ltr'><strong>vocalis</strong></span> <span class='ocrx_word' id='word_1_279' title='bbox 738 2160 754 2186; x_wconf 91' lang='grc' dir='ltr'><strong><em>ι</em></strong></span> <span class='ocrx_word' id='word_1_280' title='bbox 783 2149 898 2188; x_wconf 90' lang='lat' dir='ltr'><strong>recte</strong></span> <span class='ocrx_word' id='word_1_281' title='bbox 926 2143 1159 2198; x_wconf 88' lang='lat' dir='ltr'><strong>Elmslejus</strong></span> <span class='ocrx_word' id='word_1_282' title='bbox 1189 2146 1232 2185; x_wconf 94' lang='lat' dir='ltr'><strong>et</strong></span> <span class='ocrx_word' id='word_1_283' title='bbox 1260 2142 1533 2186; x_wconf 87' lang='lat' dir='ltr'><strong>Hermannus</strong></span> <span class='ocrx_word' id='word_1_284' title='bbox 1558 2141 1897 2199; x_wconf 84' lang='lat' dir='ltr'><strong>disputaverunt,</strong></span> <span class='ocrx_word' id='word_1_285' title='bbox 1923 2143 2197 2189; x_wconf 88' lang='lat' dir='ltr'><strong>nihilominus</strong></span> <span class='ocrx_word' id='word_1_286' title='bbox 2227 2148 2485 2193; x_wconf 88' lang='lat' dir='ltr'><strong>recentiores</strong></span> <span class='ocrx_word' id='word_1_287' title='bbox 2514 2150 2700 2198; x_wconf 88' lang='lat' dir='ltr'><strong>editores</strong></span> 
     </span>
     <span class='ocr_line' id='line_1_29' title="bbox 238 2212 2698 2283; baseline 0.002 -20"><span class='ocrx_word' id='word_1_288' title='bbox 238 2222 286 2263; x_wconf 91' lang='lat' dir='ltr'><strong>ut</strong></span> <span class='ocrx_word' id='word_1_289' title='bbox 314 2218 564 2273; x_wconf 85' lang='lat' dir='ltr'><strong>Hartungus</strong></span> <span class='ocrx_word' id='word_1_290' title='bbox 591 2221 634 2262; x_wconf 91' lang='lat' dir='ltr'><strong>et</strong></span> <span class='ocrx_word' id='word_1_291' title='bbox 659 2216 904 2261; x_wconf 89' lang='lat' dir='ltr'><strong>Meinekius</strong></span> <span class='ocrx_word' id='word_1_292' title='bbox 934 2212 1118 2260; x_wconf 71' lang='grc' dir='ltr'><strong><em>θανόντι</em></strong></span> <span class='ocrx_word' id='word_1_293' title='bbox 1148 2214 1206 2259; x_wconf 89' lang='lat' dir='ltr'><strong>ad</strong></span> <span class='ocrx_word' id='word_1_294' title='bbox 1233 2212 1314 2269; x_wconf 89' lang='grc' dir='ltr'><strong>μοί</strong></span> <span class='ocrx_word' id='word_1_295' title='bbox 1344 2213 1638 2259; x_wconf 90' lang='lat' dir='ltr'><strong>antecedentis</strong></span> <span class='ocrx_word' id='word_1_296' title='bbox 1666 2227 1816 2260; x_wconf 86' lang='lat' dir='ltr'><strong>versus</strong></span> <span class='ocrx_word' id='word_1_297' title='bbox 1846 2219 2124 2261; x_wconf 87' lang='lat' dir='ltr'><strong>attraxerunt.</strong></span> <span class='ocrx_word' id='word_1_298' title='bbox 2165 2218 2399 2275; x_wconf 86' lang='lat' dir='ltr'><strong>Burgesius</strong></span> <span class='ocrx_word' id='word_1_299' title='bbox 2420 2234 2498 2277; x_wconf 92' lang='lat' dir='ltr'><strong>pro</strong></span> <span class='ocrx_word' id='word_1_300' title='bbox 2523 2219 2698 2283; x_wconf 80' lang='grc' dir='ltr'><strong><em>εὐοδοιή</em></strong></span> 
     </span>
     <span class='ocr_line' id='line_1_30' title="bbox 237 2286 2697 2354; baseline 0.002 -19"><span class='ocrx_word' id='word_1_301' title='bbox 237 2291 381 2336; x_wconf 90' lang='lat' dir='ltr'><strong>intulit</strong></span> <span class='ocrx_word' id='word_1_302' title='bbox 409 2286 457 2335; x_wconf 78' lang='grc' dir='ltr'><strong><em>εὖ</em></strong></span> <span class='ocrx_word' id='word_1_303' title='bbox 490 2289 663 2348; x_wconf 82' lang='grc' dir='ltr'><strong><em>διδοίη,</em></strong></span> <span class='ocrx_word' id='word_1_304' title='bbox 707 2289 821 2345; x_wconf 90' lang='lat' dir='ltr'><strong>quod</strong></span> <span class='ocrx_word' id='word_1_305' title='bbox 857 2301 1005 2334; x_wconf 90' lang='lat' dir='ltr'><strong>omnes</strong></span> <span class='ocrx_word' id='word_1_306' title='bbox 1043 2293 1142 2344; x_wconf 92' lang='lat' dir='ltr'><strong>post</strong></span> <span class='ocrx_word' id='word_1_307' title='bbox 1172 2287 1292 2330; x_wconf 91' lang='lat' dir='ltr'><strong>illum</strong></span> <span class='ocrx_word' id='word_1_308' title='bbox 1321 2288 1576 2343; x_wconf 88' lang='lat' dir='ltr'><strong>interpretes</strong></span> <span class='ocrx_word' id='word_1_309' title='bbox 1605 2287 1811 2331; x_wconf 85' lang='lat' dir='ltr'><strong>facilitate</strong></span> <span class='ocrx_word' id='word_1_310' title='bbox 1849 2288 1974 2332; x_wconf 91' lang='lat' dir='ltr'><strong>huius</strong></span> <span class='ocrx_word' id='word_1_311' title='bbox 2012 2290 2260 2334; x_wconf 87' lang='lat' dir='ltr'><strong>mutationis</strong></span> <span class='ocrx_word' id='word_1_312' title='bbox 2299 2295 2497 2337; x_wconf 88' lang='lat' dir='ltr'><strong>commoti</strong></span> <span class='ocrx_word' id='word_1_313' title='bbox 2526 2309 2697 2354; x_wconf 88' lang='lat' dir='ltr'><strong>recepe·</strong></span> 
     </span>
     <span class='ocr_line' id='line_1_31' title="bbox 238 2360 2696 2421; baseline 0.002 -12"><span class='ocrx_word' id='word_1_314' title='bbox 238 2370 348 2409; x_wconf 88' lang='lat' dir='ltr'><strong>runt.</strong></span> <span class='ocrx_word' id='word_1_315' title='bbox 406 2362 618 2420; x_wconf 89' lang='lat' dir='ltr'><strong>Equidem</strong></span> <span class='ocrx_word' id='word_1_316' title='bbox 655 2363 837 2408; x_wconf 88' lang='lat' dir='ltr'><strong>arbitror</strong></span> <span class='ocrx_word' id='word_1_317' title='bbox 875 2362 1057 2407; x_wconf 88' lang='lat' dir='ltr'><strong>alterum</strong></span> <span class='ocrx_word' id='word_1_318' title='bbox 1095 2360 1267 2416; x_wconf 91' lang='lat' dir='ltr'><strong>quidem</strong></span> <span class='ocrx_word' id='word_1_319' title='bbox 1305 2374 1476 2405; x_wconf 87' lang='lat' dir='ltr'><strong>versum</strong></span> <span class='ocrx_word' id='word_1_320' title='bbox 1504 2360 1738 2404; x_wconf 86' lang='lat' dir='ltr'><strong>tollendum</strong></span> <span class='ocrx_word' id='word_1_321' title='bbox 1767 2375 1853 2405; x_wconf 91' lang='lat' dir='ltr'><strong>non</strong></span> <span class='ocrx_word' id='word_1_322' title='bbox 1879 2375 1998 2420; x_wconf 88' lang='lat' dir='ltr'><strong>esse,</strong></span> <span class='ocrx_word' id='word_1_323' title='bbox 2027 2362 2105 2407; x_wconf 90' lang='lat' dir='ltr'><strong>sed</strong></span> <span class='ocrx_word' id='word_1_324' title='bbox 2134 2364 2353 2421; x_wconf 91' lang='lat' dir='ltr'><strong>complura</strong></span> <span class='ocrx_word' id='word_1_325' title='bbox 2381 2367 2514 2412; x_wconf 85' lang='lat' dir='ltr'><strong>verba</strong></span> <span class='ocrx_word' id='word_1_326' title='bbox 2543 2370 2696 2415; x_wconf 88' lang='lat' dir='ltr'><strong>utrius—</strong></span> 
     </span>
     <span class='ocr_line' id='line_1_32' title="bbox 239 2432 2697 2494; baseline 0.002 -12"><span class='ocrx_word' id='word_1_327' title='bbox 239 2452 322 2494; x_wconf 88' lang='lat' dir='ltr'><strong>que</strong></span> <span class='ocrx_word' id='word_1_328' title='bbox 346 2449 498 2482; x_wconf 85' lang='lat' dir='ltr'><strong>versus</strong></span> <span class='ocrx_word' id='word_1_329' title='bbox 526 2436 743 2481; x_wconf 88' lang='lat' dir='ltr'><strong>immutari</strong></span> <span class='ocrx_word' id='word_1_330' title='bbox 771 2435 940 2481; x_wconf 88' lang='lat' dir='ltr'><strong>debere.</strong></span> <span class='ocrx_word' id='word_1_331' title='bbox 988 2434 1168 2479; x_wconf 90' lang='lat' dir='ltr'><strong>Retineo</strong></span> <span class='ocrx_word' id='word_1_332' title='bbox 1197 2438 1340 2478; x_wconf 89' lang='lat' dir='ltr'><strong>autem</strong></span> <span class='ocrx_word' id='word_1_333' title='bbox 1370 2433 1624 2491; x_wconf 87' lang='lat' dir='ltr'><strong>scripturam</strong></span> <span class='ocrx_word' id='word_1_334' title='bbox 1654 2435 1857 2478; x_wconf 91' lang='lat' dir='ltr'><strong>librorum</strong></span> <span class='ocrx_word' id='word_1_335' title='bbox 1886 2432 2078 2493; x_wconf 80' lang='grc' dir='ltr'><strong><em>εὐοόοίη,</em></strong></span> <span class='ocrx_word' id='word_1_336' title='bbox 2110 2437 2164 2481; x_wconf 91' lang='lat' dir='ltr'><strong>ob</strong></span> <span class='ocrx_word' id='word_1_337' title='bbox 2186 2450 2314 2494; x_wconf 87' lang='lat' dir='ltr'><strong>quam</strong></span> <span class='ocrx_word' id='word_1_338' title='bbox 2342 2439 2445 2483; x_wconf 93' lang='lat' dir='ltr'><strong>mihi</strong></span> <span class='ocrx_word' id='word_1_339' title='bbox 2475 2454 2570 2485; x_wconf 92' lang='lat' dir='ltr'><strong>cum</strong></span> <span class='ocrx_word' id='word_1_340' title='bbox 2596 2456 2697 2488; x_wconf 93' lang='lat' dir='ltr'><strong>non-</strong></span> 
     </span>
     <span class='ocr_line' id='line_1_33' title="bbox 240 2507 2697 2572; baseline 0.002 -16"><span class='ocrx_word' id='word_1_341' title='bbox 240 2511 367 2556; x_wconf 88' lang='lat' dir='ltr'><strong>nullis</strong></span> <span class='ocrx_word' id='word_1_342' title='bbox 404 2510 511 2555; x_wconf 85' lang='lat' dir='ltr'><strong>viris</strong></span> <span class='ocrx_word' id='word_1_343' title='bbox 549 2509 687 2554; x_wconf 88' lang='lat' dir='ltr'><strong>doctis</strong></span> <span class='ocrx_word' id='word_1_344' title='bbox 716 2511 854 2567; x_wconf 69' lang='grc' dir='ltr'><strong><em>ῒσφῷν</em></strong></span> <span class='ocrx_word' id='word_1_345' title='bbox 889 2509 935 2552; x_wconf 90' lang='lat' dir='ltr'><strong>in</strong></span> <span class='ocrx_word' id='word_1_346' title='bbox 972 2507 1074 2566; x_wconf 71' lang='grc' dir='ltr'><strong>σφώ</strong></span> <span class='ocrx_word' id='word_1_347' title='bbox 1103 2507 1353 2551; x_wconf 85' lang='lat' dir='ltr'><strong>mutandum</strong></span> <span class='ocrx_word' id='word_1_348' title='bbox 1382 2512 1460 2552; x_wconf 91' lang='lat' dir='ltr'><strong>est.</strong></span> <span class='ocrx_word' id='word_1_349' title='bbox 1509 2507 1677 2552; x_wconf 91' lang='lat' dir='ltr'><strong>Deinde</strong></span> <span class='ocrx_word' id='word_1_350' title='bbox 1705 2513 1827 2564; x_wconf 84' lang='lat' dir='ltr'><strong>patet</strong></span> <span class='ocrx_word' id='word_1_351' title='bbox 1855 2508 1985 2551; x_wconf 87' lang='lat' dir='ltr'><strong>etiam</strong></span> <span class='ocrx_word' id='word_1_352' title='bbox 2014 2508 2094 2554; x_wconf 87' lang='lat' dir='ltr'><strong>hoc</strong></span> <span class='ocrx_word' id='word_1_353' title='bbox 2122 2511 2215 2554; x_wconf 87' lang='lat' dir='ltr'><strong>loco</strong></span> <span class='ocrx_word' id='word_1_354' title='bbox 2245 2512 2501 2568; x_wconf 88' lang='lat' dir='ltr'><strong>Sophoclem</strong></span> <span class='ocrx_word' id='word_1_355' title='bbox 2530 2519 2697 2572; x_wconf 89' lang='lat' dir='ltr'><strong>tragoe-</strong></span> 
     </span>
     <span class='ocr_line' id='line_1_34' title="bbox 236 2580 2695 2640; baseline 0.002 -10"><span class='ocrx_word' id='word_1_356' title='bbox 236 2584 353 2630; x_wconf 83' lang='lat' dir='ltr'><strong>diam</strong></span> <span class='ocrx_word' id='word_1_357' title='bbox 381 2597 505 2629; x_wconf 86' lang='lat' dir='ltr'><strong>suam</strong></span> <span class='ocrx_word' id='word_1_358' title='bbox 532 2583 796 2640; x_wconf 88' lang='lat' dir='ltr'><strong>Antigonam</strong></span> <span class='ocrx_word' id='word_1_359' title='bbox 823 2581 968 2626; x_wconf 88' lang='lat' dir='ltr'><strong>multis</strong></span> <span class='ocrx_word' id='word_1_360' title='bbox 998 2581 1124 2625; x_wconf 88' lang='lat' dir='ltr'><strong>annis</strong></span> <span class='ocrx_word' id='word_1_361' title='bbox 1151 2585 1250 2625; x_wconf 92' lang='lat' dir='ltr'><strong>ante</strong></span> <span class='ocrx_word' id='word_1_362' title='bbox 1280 2580 1492 2638; x_wconf 91' lang='lat' dir='ltr'><strong>Oedipum</strong></span> <span class='ocrx_word' id='word_1_363' title='bbox 1524 2581 1755 2625; x_wconf 89' lang='lat' dir='ltr'><strong>Coloneum</strong></span> <span class='ocrx_word' id='word_1_364' title='bbox 1785 2582 2063 2637; x_wconf 87' lang='lat' dir='ltr'><strong>compositam</strong></span> <span class='ocrx_word' id='word_1_365' title='bbox 2097 2584 2142 2627; x_wconf 92' lang='lat' dir='ltr'><strong>in</strong></span> <span class='ocrx_word' id='word_1_366' title='bbox 2170 2589 2312 2629; x_wconf 90' lang='lat' dir='ltr'><strong>mente</strong></span> <span class='ocrx_word' id='word_1_367' title='bbox 2341 2585 2559 2632; x_wconf 90' lang='lat' dir='ltr'><strong>habuisse.</strong></span> <span class='ocrx_word' id='word_1_368' title='bbox 2619 2589 2695 2634; x_wconf 89' lang='lat' dir='ltr'><strong>So-</strong></span> 
     </span>
     <span class='ocr_line' id='line_1_35' title="bbox 235 2654 2696 2719; baseline 0.002 -15"><span class='ocrx_word' id='word_1_369' title='bbox 235 2658 413 2717; x_wconf 88' lang='lat' dir='ltr'><strong>phocles</strong></span> <span class='ocrx_word' id='word_1_370' title='bbox 432 2657 697 2714; x_wconf 89' lang='lat' dir='ltr'><strong>Polynicem‚</strong></span> <span class='ocrx_word' id='word_1_371' title='bbox 726 2656 851 2713; x_wconf 87' lang='lat' dir='ltr'><strong>quasi</strong></span> <span class='ocrx_word' id='word_1_372' title='bbox 879 2655 949 2699; x_wconf 90' lang='lat' dir='ltr'><strong>hic</strong></span> <span class='ocrx_word' id='word_1_373' title='bbox 967 2654 1206 2703; x_wconf 82' lang='lat' dir='ltr'><strong>divinasset</strong></span> <span class='ocrx_word' id='word_1_374' title='bbox 1231 2654 1447 2698; x_wconf 86' lang='lat' dir='ltr'><strong>sororibus</strong></span> <span class='ocrx_word' id='word_1_375' title='bbox 1477 2654 1577 2698; x_wconf 91' lang='lat' dir='ltr'><strong>olim</strong></span> <span class='ocrx_word' id='word_1_376' title='bbox 1607 2655 1750 2699; x_wconf 81' lang='lat' dir='ltr'><strong>fratris</strong></span> <span class='ocrx_word' id='word_1_377' title='bbox 1786 2668 1940 2712; x_wconf 87' lang='lat' dir='ltr'><strong>corpus</strong></span> <span class='ocrx_word' id='word_1_378' title='bbox 1969 2657 2183 2713; x_wconf 87' lang='lat' dir='ltr'><strong>sepultum</strong></span> <span class='ocrx_word' id='word_1_379' title='bbox 2210 2659 2398 2714; x_wconf 84' lang='lat' dir='ltr'><strong>egressis</strong></span> <span class='ocrx_word' id='word_1_380' title='bbox 2426 2661 2541 2705; x_wconf 89' lang='lat' dir='ltr'><strong>mala</strong></span> <span class='ocrx_word' id='word_1_381' title='bbox 2566 2676 2696 2719; x_wconf 85' lang='lat' dir='ltr'><strong>posse</strong></span> 
     </span>
     <span class='ocr_line' id='line_1_36' title="bbox 234 2728 2693 2792; baseline 0.001 -15"><span class='ocrx_word' id='word_1_382' title='bbox 234 2732 445 2787; x_wconf 82' lang='lat' dir='ltr'><strong>accidere,</strong></span> <span class='ocrx_word' id='word_1_383' title='bbox 474 2735 695 2787; x_wconf 87' lang='lat' dir='ltr'><strong>optantem</strong></span> <span class='ocrx_word' id='word_1_384' title='bbox 723 2730 840 2786; x_wconf 83' lang='lat' dir='ltr'><strong>facit,</strong></span> <span class='ocrx_word' id='word_1_385' title='bbox 869 2734 916 2772; x_wconf 90' lang='lat' dir='ltr'><strong>ut</strong></span> <span class='ocrx_word' id='word_1_386' title='bbox 934 2729 1105 2786; x_wconf 90' lang='lat' dir='ltr'><strong>Jupiter</strong></span> <span class='ocrx_word' id='word_1_387' title='bbox 1133 2742 1301 2772; x_wconf 87' lang='lat' dir='ltr'><strong>sorores</strong></span> <span class='ocrx_word' id='word_1_388' title='bbox 1329 2728 1373 2770; x_wconf 93' lang='lat' dir='ltr'><strong>in</strong></span> <span class='ocrx_word' id='word_1_389' title='bbox 1402 2728 1553 2771; x_wconf 91' lang='lat' dir='ltr'><strong>itinere</strong></span> <span class='ocrx_word' id='word_1_390' title='bbox 1574 2729 1646 2772; x_wconf 92' lang='lat' dir='ltr'><strong>illo</strong></span> <span class='ocrx_word' id='word_1_391' title='bbox 1670 2729 1731 2772; x_wconf 90' lang='lat' dir='ltr'><strong>ita</strong></span> <span class='ocrx_word' id='word_1_392' title='bbox 1751 2729 1861 2772; x_wconf 90' lang='lat' dir='ltr'><strong>bene</strong></span> <span class='ocrx_word' id='word_1_393' title='bbox 1882 2728 2021 2785; x_wconf 86' lang='lat' dir='ltr'><strong>ducat,</strong></span> <span class='ocrx_word' id='word_1_394' title='bbox 2050 2735 2096 2772; x_wconf 89' lang='lat' dir='ltr'><strong>ut</strong></span> <span class='ocrx_word' id='word_1_395' title='bbox 2115 2744 2202 2785; x_wconf 89' lang='lat' dir='ltr'><strong>eos,</strong></span> <span class='ocrx_word' id='word_1_396' title='bbox 2232 2745 2337 2786; x_wconf 87' lang='lat' dir='ltr'><strong>quos</strong></span> <span class='ocrx_word' id='word_1_397' title='bbox 2364 2746 2496 2789; x_wconf 91' lang='lat' dir='ltr'><strong>supra</strong></span> <span class='ocrx_word' id='word_1_398' title='bbox 2514 2737 2693 2792; x_wconf 88' lang='lat' dir='ltr'><strong>rogavit,</strong></span> 
     </span>
     <span class='ocr_line' id='line_1_37' title="bbox 235 2801 2692 2865; baseline 0.001 -14"><span class='ocrx_word' id='word_1_399' title='bbox 235 2807 419 2851; x_wconf 83' lang='lat' dir='ltr'><strong>honores</strong></span> <span class='ocrx_word' id='word_1_400' title='bbox 448 2804 597 2850; x_wconf 83' lang='lat' dir='ltr'><strong>salvae</strong></span> <span class='ocrx_word' id='word_1_401' title='bbox 630 2803 797 2860; x_wconf 91' lang='lat' dir='ltr'><strong>possint</strong></span> <span class='ocrx_word' id='word_1_402' title='bbox 826 2802 909 2847; x_wconf 89' lang='lat' dir='ltr'><strong>sibi</strong></span> <span class='ocrx_word' id='word_1_403' title='bbox 937 2807 1172 2859; x_wconf 87' lang='lat' dir='ltr'><strong>praestare.</strong></span> <span class='ocrx_word' id='word_1_404' title='bbox 1231 2801 1290 2845; x_wconf 93' lang='lat' dir='ltr'><strong>Ut</strong></span> <span class='ocrx_word' id='word_1_405' title='bbox 1319 2801 1426 2844; x_wconf 89' lang='lat' dir='ltr'><strong>haec</strong></span> <span class='ocrx_word' id='word_1_406' title='bbox 1456 2801 1712 2858; x_wconf 90' lang='lat' dir='ltr'><strong>Sophoclem</strong></span> <span class='ocrx_word' id='word_1_407' title='bbox 1742 2801 1955 2845; x_wconf 88' lang='lat' dir='ltr'><strong>dicentem</strong></span> <span class='ocrx_word' id='word_1_408' title='bbox 1982 2802 2211 2860; x_wconf 85' lang='lat' dir='ltr'><strong>faciamus,</strong></span> <span class='ocrx_word' id='word_1_409' title='bbox 2241 2804 2347 2848; x_wconf 86' lang='lat' dir='ltr'><strong>nihil</strong></span> <span class='ocrx_word' id='word_1_410' title='bbox 2377 2811 2444 2849; x_wconf 93' lang='lat' dir='ltr'><strong>est</strong></span> <span class='ocrx_word' id='word_1_411' title='bbox 2471 2821 2578 2865; x_wconf 85' lang='lat' dir='ltr'><strong>opus</strong></span> <span class='ocrx_word' id='word_1_412' title='bbox 2607 2810 2692 2853; x_wconf 89' lang='lat' dir='ltr'><strong>nisi</strong></span> 
     </span>
     <span class='ocr_line' id='line_1_38' title="bbox 238 2869 2696 2937; baseline 0.002 -14"><span class='ocrx_word' id='word_1_413' title='bbox 238 2876 338 2923; x_wconf 77' lang='grc' dir='ltr'><strong>τάδ’</strong></span> <span class='ocrx_word' id='word_1_414' title='bbox 371 2876 412 2922; x_wconf 83' lang='grc' dir='ltr'><strong><em>εἰ</em></strong></span> <span class='ocrx_word' id='word_1_415' title='bbox 440 2875 637 2922; x_wconf 77' lang='grc' dir='ltr'><strong><em>τελεῖταί</em></strong></span> <span class='ocrx_word' id='word_1_416' title='bbox 663 2893 744 2931; x_wconf 88' lang='grc' dir='ltr'><strong>μοι</strong></span> <span class='ocrx_word' id='word_1_417' title='bbox 773 2881 939 2920; x_wconf 89' lang='lat' dir='ltr'><strong>mutare</strong></span> <span class='ocrx_word' id='word_1_418' title='bbox 968 2877 1014 2920; x_wconf 92' lang='lat' dir='ltr'><strong>in</strong></span> <span class='ocrx_word' id='word_1_419' title='bbox 1041 2871 1156 2919; x_wconf 77' lang='grc' dir='ltr'><strong>τάδ’</strong></span> <span class='ocrx_word' id='word_1_420' title='bbox 1189 2869 1241 2918; x_wconf 72' lang='grc' dir='ltr'><strong><em>εὖ</em></strong></span> <span class='ocrx_word' id='word_1_421' title='bbox 1273 2875 1448 2918; x_wconf 75' lang='grc' dir='ltr'><strong><em>τελεῖν</em></strong></span> <span class='ocrx_word' id='word_1_422' title='bbox 1479 2874 1617 2930; x_wconf 80' lang='grc' dir='ltr'><strong><em>ἐμοί.</em></strong></span> <span class='ocrx_word' id='word_1_423' title='bbox 1666 2875 1873 2931; x_wconf 89' lang='lat' dir='ltr'><strong>Sequenti</strong></span> <span class='ocrx_word' id='word_1_424' title='bbox 1903 2889 2029 2919; x_wconf 87' lang='lat' dir='ltr'><strong>versu</strong></span> <span class='ocrx_word' id='word_1_425' title='bbox 2052 2876 2280 2933; x_wconf 86' lang='lat' dir='ltr'><strong>Polynices</strong></span> <span class='ocrx_word' id='word_1_426' title='bbox 2304 2880 2492 2937; x_wconf 84' lang='lat' dir='ltr'><strong>exponit,</strong></span> <span class='ocrx_word' id='word_1_427' title='bbox 2522 2895 2596 2926; x_wconf 90' lang='lat' dir='ltr'><strong>cur</strong></span> <span class='ocrx_word' id='word_1_428' title='bbox 2614 2883 2696 2928; x_wconf 90' lang='lat' dir='ltr'><strong>hoc</strong></span> 
     </span>
     <span class='ocr_line' id='line_1_39' title="bbox 238 2948 2695 3008; baseline 0.001 -12"><span class='ocrx_word' id='word_1_429' title='bbox 238 2952 409 3008; x_wconf 87' lang='lat' dir='ltr'><strong>quidem</strong></span> <span class='ocrx_word' id='word_1_430' title='bbox 438 2950 664 3007; x_wconf 86' lang='lat' dir='ltr'><strong>optaverit.</strong></span> <span class='ocrx_word' id='word_1_431' title='bbox 716 2949 873 2993; x_wconf 90' lang='lat' dir='ltr'><strong>Animo</strong></span> <span class='ocrx_word' id='word_1_432' title='bbox 913 2949 1025 2993; x_wconf 93' lang='lat' dir='ltr'><strong>enim</strong></span> <span class='ocrx_word' id='word_1_433' title='bbox 1063 2948 1302 3007; x_wconf 85' lang='lat' dir='ltr'><strong>praesentit</strong></span> <span class='ocrx_word' id='word_1_434' title='bbox 1330 2952 1541 2992; x_wconf 88' lang='lat' dir='ltr'><strong>mortuum</strong></span> <span class='ocrx_word' id='word_1_435' title='bbox 1568 2961 1614 2992; x_wconf 90' lang='lat' dir='ltr'><strong>se</strong></span> <span class='ocrx_word' id='word_1_436' title='bbox 1643 2962 1782 3003; x_wconf 88' lang='lat' dir='ltr'><strong>neque</strong></span> <span class='ocrx_word' id='word_1_437' title='bbox 1811 2961 1912 2991; x_wconf 87' lang='lat' dir='ltr'><strong>vero</strong></span> <span class='ocrx_word' id='word_1_438' title='bbox 1947 2948 2092 2992; x_wconf 87' lang='lat' dir='ltr'><strong>vivum</strong></span> <span class='ocrx_word' id='word_1_439' title='bbox 2120 2950 2165 2993; x_wconf 90' lang='lat' dir='ltr'><strong>in</strong></span> <span class='ocrx_word' id='word_1_440' title='bbox 2192 2964 2384 2994; x_wconf 88' lang='lat' dir='ltr'><strong>sororum</strong></span> <span class='ocrx_word' id='word_1_441' title='bbox 2413 2966 2564 2998; x_wconf 91' lang='lat' dir='ltr'><strong>manus</strong></span> <span class='ocrx_word' id='word_1_442' title='bbox 2593 2956 2695 3000; x_wconf 90' lang='lat' dir='ltr'><strong>olim</strong></span> 
     </span>
     <span class='ocr_line' id='line_1_40' title="bbox 234 3020 2694 3082; baseline 0.001 -12"><span class='ocrx_word' id='word_1_443' title='bbox 234 3024 467 3070; x_wconf 87' lang='lat' dir='ltr'><strong>rediturum</strong></span> <span class='ocrx_word' id='word_1_444' title='bbox 497 3037 607 3070; x_wconf 89' lang='lat' dir='ltr'><strong>esse.</strong></span> <span class='ocrx_word' id='word_1_445' title='bbox 661 3022 783 3068; x_wconf 90' lang='lat' dir='ltr'><strong>Haec</strong></span> <span class='ocrx_word' id='word_1_446' title='bbox 811 3037 913 3067; x_wconf 88' lang='lat' dir='ltr'><strong>vero</strong></span> <span class='ocrx_word' id='word_1_447' title='bbox 945 3021 1150 3079; x_wconf 86' lang='lat' dir='ltr'><strong>cogitatio</strong></span> <span class='ocrx_word' id='word_1_448' title='bbox 1178 3035 1276 3065; x_wconf 93' lang='lat' dir='ltr'><strong>eum</strong></span> <span class='ocrx_word' id='word_1_449' title='bbox 1305 3020 1431 3077; x_wconf 90' lang='lat' dir='ltr'><strong>subit,</strong></span> <span class='ocrx_word' id='word_1_450' title='bbox 1460 3033 1589 3076; x_wconf 91' lang='lat' dir='ltr'><strong>quum</strong></span> <span class='ocrx_word' id='word_1_451' title='bbox 1617 3033 1785 3065; x_wconf 87' lang='lat' dir='ltr'><strong>sorores</strong></span> <span class='ocrx_word' id='word_1_452' title='bbox 1811 3020 2056 3065; x_wconf 87' lang='lat' dir='ltr'><strong>valedicens</strong></span> <span class='ocrx_word' id='word_1_453' title='bbox 2080 3023 2281 3079; x_wconf 88' lang='lat' dir='ltr'><strong>amplexu</strong></span> <span class='ocrx_word' id='word_1_454' title='bbox 2301 3027 2431 3081; x_wconf 91' lang='lat' dir='ltr'><strong>tenet,</strong></span> <span class='ocrx_word' id='word_1_455' title='bbox 2461 3027 2574 3082; x_wconf 87' lang='lat' dir='ltr'><strong>quod</strong></span> <span class='ocrx_word' id='word_1_456' title='bbox 2593 3029 2694 3073; x_wconf 91' lang='lat' dir='ltr'><strong>inde</strong></span> 
     </span>
     <span class='ocr_line' id='line_1_41' title="bbox 233 3089 2687 3154; baseline 0.002 -12"><span class='ocrx_word' id='word_1_457' title='bbox 233 3098 499 3154; x_wconf 85' lang='lat' dir='ltr'><strong>intelligitur,</strong></span> <span class='ocrx_word' id='word_1_458' title='bbox 529 3096 644 3153; x_wconf 91' lang='lat' dir='ltr'><strong>quod</strong></span> <span class='ocrx_word' id='word_1_459' title='bbox 671 3096 818 3141; x_wconf 88' lang='lat' dir='ltr'><strong>statim</strong></span> <span class='ocrx_word' id='word_1_460' title='bbox 847 3096 991 3154; x_wconf 90' lang='lat' dir='ltr'><strong>pergit</strong></span> <span class='ocrx_word' id='word_1_461' title='bbox 1017 3096 1223 3151; x_wconf 71' lang='grc' dir='ltr'><strong><em>μέθεσθε</em></strong></span> <span class='ocrx_word' id='word_1_462' title='bbox 1252 3091 1295 3138; x_wconf 78' lang='grc' dir='ltr'><strong>δ’</strong></span> <span class='ocrx_word' id='word_1_463' title='bbox 1327 3089 1415 3151; x_wconf 71' lang='grc' dir='ltr'><strong>ἤδη</strong></span> <span class='ocrx_word' id='word_1_464' title='bbox 1443 3092 1645 3149; x_wconf 84' lang='grc' dir='ltr'><strong><em>χαίρετόν</em></strong></span> <span class='ocrx_word' id='word_1_465' title='bbox 1663 3092 1719 3138; x_wconf 78' lang='grc' dir='ltr'><strong>τ’.</strong></span> <span class='ocrx_word' id='word_1_466' title='bbox 1763 3094 1884 3145; x_wconf 82' lang='lat' dir='ltr'><strong>Quae</strong></span> <span class='ocrx_word' id='word_1_467' title='bbox 1910 3108 2039 3150; x_wconf 90' lang='lat' dir='ltr'><strong>quum</strong></span> <span class='ocrx_word' id='word_1_468' title='bbox 2068 3096 2130 3140; x_wconf 89' lang='lat' dir='ltr'><strong>ita</strong></span> <span class='ocrx_word' id='word_1_469' title='bbox 2155 3096 2252 3152; x_wconf 91' lang='lat' dir='ltr'><strong>sint,</strong></span> <span class='ocrx_word' id='word_1_470' title='bbox 2280 3098 2579 3154; x_wconf 89' lang='lat' dir='ltr'><strong>amplectentis</strong></span> <span class='ocrx_word' id='word_1_471' title='bbox 2608 3103 2687 3148; x_wconf 93' lang='lat' dir='ltr'><strong>Po·</strong></span> 
     </span>
     <span class='ocr_line' id='line_1_42' title="bbox 232 3165 2688 3229; baseline 0.002 -14"><span class='ocrx_word' id='word_1_472' title='bbox 232 3171 389 3229; x_wconf 89' lang='lat' dir='ltr'><strong>lynicis</strong></span> <span class='ocrx_word' id='word_1_473' title='bbox 417 3170 584 3214; x_wconf 89' lang='lat' dir='ltr'><strong>ratione</strong></span> <span class='ocrx_word' id='word_1_474' title='bbox 611 3169 761 3213; x_wconf 89' lang='lat' dir='ltr'><strong>habita</strong></span> <span class='ocrx_word' id='word_1_475' title='bbox 785 3183 956 3214; x_wconf 82' lang='lat' dir='ltr'><strong>versum</strong></span> <span class='ocrx_word' id='word_1_476' title='bbox 985 3167 1097 3212; x_wconf 86' lang='lat'>1436</span> <span class='ocrx_word' id='word_1_477' title='bbox 1125 3167 1189 3212; x_wconf 87' lang='lat' dir='ltr'><strong>ita</strong></span> <span class='ocrx_word' id='word_1_478' title='bbox 1216 3166 1526 3212; x_wconf 89' lang='lat' dir='ltr'><strong>restituendum</strong></span> <span class='ocrx_word' id='word_1_479' title='bbox 1554 3181 1650 3211; x_wconf 88' lang='lat' dir='ltr'><strong>esse</strong></span> <span class='ocrx_word' id='word_1_480' title='bbox 1678 3180 1856 3211; x_wconf 88' lang='lat' dir='ltr'><strong>censeo:</strong></span> <span class='ocrx_word' id='word_1_481' title='bbox 1899 3165 2123 3212; x_wconf 73' lang='grc' dir='ltr'><strong><em>θανόντ’</em></strong></span> <span class='ocrx_word' id='word_1_482' title='bbox 2165 3166 2294 3212; x_wconf 79' lang='grc' dir='ltr'><strong><em>ἐπεί</em></strong></span> <span class='ocrx_word' id='word_1_483' title='bbox 2320 3167 2390 3227; x_wconf 73' lang='grc' dir='ltr'><strong>μ’,</strong></span> <span class='ocrx_word' id='word_1_484' title='bbox 2421 3168 2481 3214; x_wconf 83' lang='grc' dir='ltr'><strong>οὐ</strong></span> <span class='ocrx_word' id='word_1_485' title='bbox 2513 3171 2688 3225; x_wconf 77' lang='grc' dir='ltr'><strong><em>ζῶντά</em></strong></span> 
     </span>
     <span class='ocr_line' id='line_1_43' title="bbox 231 3235 2692 3302; baseline 0.001 -13"><span class='ocrx_word' id='word_1_486' title='bbox 231 3243 272 3302; x_wconf 83' lang='lat'><strong>7’</strong></span> <span class='ocrx_word' id='word_1_487' title='bbox 308 3263 337 3289; x_wconf 75' lang='lat' dir='ltr'><strong>ce</strong></span> <span class='ocrx_word' id='word_1_488' title='bbox 353 3239 481 3296; x_wconf 73' lang='grc' dir='ltr'><strong><em>ὖθις</em></strong></span> <span class='ocrx_word' id='word_1_489' title='bbox 503 3242 699 3296; x_wconf 76' lang='grc' dir='ltr'><strong><em>ἔξετον.</em></strong></span> <span class='ocrx_word' id='word_1_490' title='bbox 741 3239 873 3286; x_wconf 81' lang='grc' dir='ltr'><strong><em>Ἐπεί</em></strong></span> <span class='ocrx_word' id='word_1_491' title='bbox 886 3238 939 3297; x_wconf 78' lang='grc' dir='ltr'><strong>μ’</strong></span> <span class='ocrx_word' id='word_1_492' title='bbox 963 3239 1015 3287; x_wconf 78' lang='grc' dir='ltr'><strong>οὐ</strong></span> <span class='ocrx_word' id='word_1_493' title='bbox 1035 3245 1179 3285; x_wconf 87' lang='lat' dir='ltr'><strong>autem</strong></span> <span class='ocrx_word' id='word_1_494' title='bbox 1199 3241 1343 3298; x_wconf 86' lang='lat' dir='ltr'><strong>legere</strong></span> <span class='ocrx_word' id='word_1_495' title='bbox 1364 3240 1495 3285; x_wconf 87' lang='lat' dir='ltr'><strong>codic.</strong></span> <span class='ocrx_word' id='word_1_496' title='bbox 1515 3241 1642 3284; x_wconf 90' lang='lat' dir='ltr'><strong>Laur.</strong></span> <span class='ocrx_word' id='word_1_497' title='bbox 1662 3240 1712 3284; x_wconf 89' lang='lat' dir='ltr'><strong>A.</strong></span> <span class='ocrx_word' id='word_1_498' title='bbox 1734 3240 1947 3297; x_wconf 88' lang='lat' dir='ltr'><strong>scriptura</strong></span> <span class='ocrx_word' id='word_1_499' title='bbox 1966 3235 2158 3296; x_wconf 73' lang='grc' dir='ltr'><strong><em>ἕποῖἕμοι</em></strong></span> <span class='ocrx_word' id='word_1_500' title='bbox 2172 3242 2384 3298; x_wconf 75' lang='lat' dir='ltr'><strong>Jubemur.</strong></span> <span class='ocrx_word' id='word_1_501' title='bbox 2434 3243 2557 3296; x_wconf 86' lang='lat' dir='ltr'><strong>Quod</strong></span> <span class='ocrx_word' id='word_1_502' title='bbox 2588 3261 2692 3292; x_wconf 85' lang='lat' dir='ltr'><strong>vero</strong></span> 
     </span>
     <span class='ocr_line' id='line_1_44' title="bbox 231 3309 2691 3375; baseline 0.001 -14"><span class='ocrx_word' id='word_1_503' title='bbox 231 3318 460 3374; x_wconf 89' lang='lat' dir='ltr'><strong>Polynices</strong></span> <span class='ocrx_word' id='word_1_504' title='bbox 488 3320 643 3374; x_wconf 87' lang='lat' dir='ltr'><strong>postea</strong></span> <span class='ocrx_word' id='word_1_505' title='bbox 671 3315 1048 3361; x_wconf 85' lang='lat' dir='ltr'><strong>vehementissime</strong></span> <span class='ocrx_word' id='word_1_506' title='bbox 1078 3315 1219 3359; x_wconf 90' lang='lat' dir='ltr'><strong>animo</strong></span> <span class='ocrx_word' id='word_1_507' title='bbox 1248 3318 1480 3358; x_wconf 91' lang='lat' dir='ltr'><strong>commotus</strong></span> <span class='ocrx_word' id='word_1_508' title='bbox 1501 3314 1716 3358; x_wconf 87' lang='lat' dir='ltr'><strong>exclamat</strong></span> <span class='ocrx_word' id='word_1_509' title='bbox 1737 3311 1791 3358; x_wconf 80' lang='grc' dir='ltr'><strong>οὗ</strong></span> <span class='ocrx_word' id='word_1_510' title='bbox 1812 3310 1894 3370; x_wconf 82' lang='grc' dir='ltr'><strong>γάρ</strong></span> <span class='ocrx_word' id='word_1_511' title='bbox 1913 3309 1961 3369; x_wconf 77' lang='grc' dir='ltr'><strong>μ’</strong></span> <span class='ocrx_word' id='word_1_512' title='bbox 1983 3312 2049 3359; x_wconf 71' lang='grc' dir='ltr'><strong>ἔτι</strong></span> <span class='ocrx_word' id='word_1_513' title='bbox 2066 3311 2280 3370; x_wconf 76' lang='grc' dir='ltr'><strong><em>βλέποντ’</em></strong></span> <span class='ocrx_word' id='word_1_514' title='bbox 2305 3314 2529 3375; x_wconf 70' lang='grc' dir='ltr'><strong><em>ἓσόψεσθ’</em></strong></span> <span class='ocrx_word' id='word_1_515' title='bbox 2553 3314 2691 3371; x_wconf 71' lang='grc' dir='ltr'><strong><em>αὖθις</em></strong></span> 
     </span>
    </p>
   </div>
  </div>
 </body>
</html>
