2972 3773
1461 117 1522 164 12

256 247 377 291 valet
401 247 460 291 ad
488 248 748 305 sanandum,
791 262 919 304 quam
948 249 1097 293 sedem
1125 249 1262 293 morbi
1289 249 1406 293 haud
1438 250 1649 306 ignorare.
1707 249 1849 292 Etiam
1885 249 1930 291 in
1962 248 2029 291 his
2058 248 2298 305 desperatis
2328 246 2554 304 Sophoclis
2582 246 2714 291 versi·

257 320 339 364 bus
374 320 502 365 sedes
538 322 806 378 corruptelae
845 321 985 366 adhuc
1026 323 1144 366 latet.
1199 323 1297 367 Non
1326 323 1634 380 interpunctio,
1670 336 1755 366 non
1783 321 2053 378 aposiopesis
2081 321 2200 364 solae
2228 320 2462 376 medelam,
2499 333 2610 375 quae
2644 319 2716 363 hie

257 392 508 450 requiritur,
537 394 690 438 afferre
723 400 919 451 possunt.
977 395 1245 448 Quaeramus
1283 396 1415 452 igitur
1445 396 1544 453 ipsi.
1600 396 1790 440 Primum
1828 408 1930 438 vero
1960 391 2034 443 οὗ,
2078 393 2235 438 deinde
2273 393 2347 445 σε’,
2390 397 2481 437 tum
2507 391 2626 449 πρὸς
2651 393 2715 443 δέ,

256 472 474 523 postremo
506 461 568 511 οἷ’
599 464 846 527 ἇνταμείβῃ
876 475 1078 526 corrupta
1107 483 1204 522 esse
1233 470 1443 514 videntur.
1499 471 1612 514 Nam
1650 470 1746 524 quis
1785 474 1909 525 putet
1937 483 1964 512 a
2000 469 2183 512 Creonte
2212 468 2385 512 chorum
2416 471 2570 511 testem
2597 466 2714 510 invo-

258 541 348 584 cari
377 553 535 596 eorum,
564 553 676 596 quae
706 541 898 598 Oedipus
921 543 1018 598 Jam
1047 543 1249 587 dixerat?
1306 543 1426 587 Talis
1456 543 1671 587 invocatio
1700 543 1880 587 aliorum
1910 556 1999 586 rem
2021 541 2150 585 debet
2178 541 2404 597 respicere,
2432 553 2543 596 quae
2571 540 2715 583 futura

257 617 334 658 est.
396 612 521 666 Quod
548 618 693 658 autem
722 613 862 659 Creon
890 615 1077 660 futurum
1108 630 1204 660 esse
1233 619 1369 671 putat,
1400 615 1445 659 id
1474 620 1590 660 certo
1618 620 1716 672 post
1746 615 1852 659 illud
1880 615 2052 659 demum
2082 619 2253 670 tempus
2282 614 2469 658 futurum
2498 618 2602 668 erat,
2632 626 2715 668 quo

256 685 329 731 ille
359 685 525 743 Oedipo
549 685 645 742 jam
674 686 836 743 potitus
866 692 969 732 erat.
1022 688 1166 741 Quare
1196 688 1395 744 equidem
1424 688 1665 746 putaverim
1695 688 1950 744 Sophoclem
1980 687 2081 732 olim
2110 686 2215 731 haec
2246 687 2492 744 scripsisse:

760 758 1123 817 μαρτύρομαι
1152 757 1362 813 τούςιῩ,
1403 759 1452 806 εἰ
1482 760 1544 806 σι’·
1575 760 1713 817 πρός
1742 778 1798 816 γε
1827 761 1960 813 τοὺς
1990 759 2190 818 φίλους

763 830 980 877 τοιαῦτ’
1013 830 1252 890 ἀμείψει
1282 831 1505 893 ῥήματ’,
1536 829 1595 893 ἤν
1625 832 1670 878 ‹5'
1704 833 1805 878 ἕλω
1837 833 1988 878 ποτέ.

260 905 423 949 Chorus
453 907 585 960 ἱρέων
613 908 754 949 videre
776 908 950 961 jubetur
979 921 1006 950 α
1039 907 1234 957 Creonte,
1276 922 1377 951 mam
1412 909 1618 963 Oedipus,
1652 911 1689 950 si
1720 921 1747 950 a
1779 909 1950 951 Creonte
1979 910 2022 950 υἱ
2051 915 2267 962 correptus
2296 909 2371 955 sit,
2403 907 2528 956 tales,
2573 906 2714 960 quales

256 991 392 1027 nunc,
423 981 469 1021 in
494 981 783 1033 propinquum
813 992 938 1022 suum
967 993 1085 1023 voces
1108 982 1274 1035 jactare
1299 989 1568 1035 perrecturus
1597 984 1665 1024 sit.
1719 981 1878 1025 Omnes
1907 980 2193 1036 difficultates,
2226 980 2379 1036 quibus
2409 979 2713 1022 vexatissimus

258 1050 328 1093 hic
363 1051 481 1094 locus
519 1051 752 1108 impeditus
791 1057 905 1106 erat,
943 1054 1190 1108 conjectura
1232 1065 1328 1095 mea
1369 1053 1573 1095 radicitus
1615 1053 1657 1095 in
1694 1059 1947 1109 perpetuum
1994 1053 2186 1096 sublatas
2218 1065 2312 1096 esse
2342 1051 2716 1108 persuasissimum

258 1123 363 1166 mihi
404 1130 483 1167 est.
550 1127 767 1174 Τοιοῦτος
806 1130 951 1168 autem
994 1126 1246 1182 saepissime
1287 1126 1339 1168 dc
1385 1127 1511 1169 rebus
1555 1131 1597 1169 et
1640 1127 1782 1170 verbis
1821 1127 1985 1170 infestis
2026 1131 2256 1182 usurpatur
2293 1131 2338 1168 ut
2378 1125 2417 1168 h.
2448 1125 2476 1167 f.
2513 1137 2583 1167 vv.
2613 1124 2710 1174 629,

262 1197 356 1253 781,
390 1198 511 1241 1002.

761 1272 808 1313 V.
844 1272 952 1312 1113
1581 1268 1926 1316 κάναπαύσατον

1008 1346 1106 1387 τοῦ
1137 1341 1350 1399 πρόσθ’
1385 1344 1594 1402 ἐρήμου
1622 1346 1752 1387 τοῦδε
1782 1343 1995 1402 δυστήνου
2024 1342 2207 1387 πλάνου.

373 1417 456 1458 Hic
488 1430 639 1459 versus
670 1418 724 1459 ob
753 1418 931 1459 verbum
960 1413 1281 1460 ἅναπαύσατον
1304 1431 1476 1473 semper
1508 1418 1812 1474 interpretibus
1832 1418 2005 1473 negotia
2026 1418 2257 1460 facessivit.
2307 1418 2568 1460 Nesciebant
2589 1416 2715 1469 enim,

258 1494 398 1532 utrum
414 1488 531 1542 illud,
548 1494 594 1531 ut
607 1490 880 1544 Musgravius
895 1490 1007 1545 fecit,
1023 1503 1150 1544 quem
1160 1489 1401 1534 Wunderus
1417 1491 1620 1546 sequitur,
1635 1491 1809 1547 passivo
1826 1504 1954 1533 sensu
1967 1491 2164 1547 accipere
2180 1504 2248 1546 an,
2265 1495 2310 1532 ut
2326 1503 2462 1546 nuper
2471 1487 2718 1531 Dindorfius

258 1576 440 1618 quoque,
470 1562 527 1604 ad
555 1562 635 1605 hoc
656 1563 831 1605 verbum
850 1561 906 1616 μὲ
926 1563 1165 1618 intelligere
1194 1563 1413 1606 deberent.
1468 1565 1599 1606 Recte
1631 1564 1803 1619 quidem
1833 1564 2079 1606 Dindorfius
2108 1564 2162 1605 de
2193 1563 2370 1620 passiva
2401 1561 2714 1618 significatione

259 1636 386 1678 huius
415 1636 536 1679 verbi
561 1636 792 1692 dubitavit,
823 1636 901 1678 sed
931 1650 1025 1678 cum
1055 1638 1272 1692 plerisque
1301 1638 1536 1680 editoribus
1562 1637 1614 1679 de
1645 1651 1695 1680 eo
1725 1651 1899 1694 prorsus
1928 1651 2102 1680 securus
2131 1637 2263 1680 fuisse
2293 1637 2480 1692 videtur,
2519 1649 2620 1676 num
2649 1647 2718 1676 res

260 1710 467 1766 prmiaria
494 1709 620 1752 huius
650 1710 754 1765 loci,
783 1710 879 1752 dico
907 1715 1051 1752 autem
1078 1710 1314 1766 objectum,
1344 1711 1515 1753 omnino
1544 1712 1731 1767 potuerit
1759 1711 1907 1754 omitti.
1966 1711 2018 1753 Id
2047 1711 2139 1754 fieri
2168 1711 2360 1767 potuisse
2390 1722 2565 1767 prorsus
2592 1720 2717 1762 nego.

260 1785 320 1826 At
352 1797 438 1827 non
476 1783 585 1826 adeo
623 1782 797 1826 difficile
834 1788 928 1826 erat
966 1784 1206 1840 objectum,
1246 1784 1359 1839 quod
1396 1785 1686 1827 necessarium
1715 1789 1803 1841 est,
1843 1785 2045 1827 invenire.
2103 1784 2363 1828 Scribendus
2402 1784 2516 1827 enim
2546 1786 2612 1825 est
2641 1795 2719 1838 pro

261 1857 452 1914 genitivo
480 1858 562 1899 τοῦ
591 1852 766 1912 πρόσθ’
796 1853 960 1912 ἐρήμου
990 1857 1264 1900 accusativus
1302 1858 1382 1900 τὸν
1418 1854 1595 1913 πρόσθ’
1635 1858 1808 1914 ἔρημον.
1867 1859 1963 1901 Non
1993 1871 2164 1913 vereor,
2203 1872 2257 1900 ne
2287 1858 2382 1912 quis
2410 1857 2513 1900 mihi
2543 1855 2720 1911 objiciat

263 1932 476 1989 Oedipum
524 1930 656 1974 etiam
692 1929 956 1985 recuperatis
997 1929 1167 1974 filiabus
1204 1927 1368 1986 ἔρημον
1408 1930 1552 1975 fuisse.
1621 1931 1773 1974 Nonne
1811 1931 1939 1986 plane
1979 1931 2148 1986 ingrato
2177 1935 2269 1974 erat
2299 1930 2463 1986 auimo,
2507 1929 2545 1973 si
2575 1942 2718 1973 coram

263 2008 359 2065 ipso
387 2004 582 2059 Theseo,
621 2003 742 2047 cuius
781 2002 989 2045 auxilium
1015 2003 1108 2059 jam
1138 2003 1182 2046 in
1218 2017 1265 2046 se
1293 2009 1336 2047 et
1365 2002 1535 2047 filiabus
1566 2003 1655 2048 suis
1684 2004 1954 2048 verissimum
1984 2009 2114 2060 atque
2144 2003 2486 2048 efficacissimum
2515 2006 2718 2060 expertus

263 2085 392 2137 esset,
419 2077 604 2135 amplius
631 2076 827 2120 desertus
857 2075 939 2119 sibi
968 2075 1087 2121 visus
1117 2078 1262 2120 esset?
1305 2077 1458 2121 Nonne
1488 2078 1638 2134 paucis
1666 2077 1862 2121 versibus
1892 2082 1991 2121 ante
2022 2091 2069 2122 se
2100 2078 2230 2122 etiam
2258 2091 2370 2123 nunc
2391 2078 2592 2122 miserum
2623 2092 2718 2125 esse

261 2156 329 2198 his
359 2153 502 2197 verbis
532 2151 690 2195 diserte
718 2157 953 2206 negaverat
982 2146 1080 2192 οὐδ’
1114 2147 1180 2193 ἔτ’
1213 2149 1269 2193 ἂν
1298 2147 1556 2202 πανάθλιος
1583 2150 1735 2195 θανών
1764 2150 1819 2194 ἂν
1849 2149 1942 2208 εἴην
1971 2155 2097 2210 σφῷν
2125 2151 2439 2209 mosomum
2471 2153 2604 2211 ἕμοίὶ)

766 2225 816 2268 V.
849 2225 960 2266 1134
1463 2220 1542 2267 οὐκ
1572 2222 1709 2281 ἔγωγέ
1738 2240 1787 2268 σε

1103 2294 1218 2340 οὐδ’
1253 2292 1329 2341 οὖν
1359 2294 1491 2341 ε’άσω.

378 2374 472 2416 Hoc
504 2372 597 2415 loco
630 2372 773 2414 doceri
802 2377 944 2426 potest
975 2372 1041 2414 his
1070 2372 1113 2414 in
1140 2371 1276 2414 literis
1306 2370 1714 2426 perniciosissimum
1744 2386 1839 2414 esse
1869 2372 2165 2415 auctoritatem
2194 2372 2375 2416 alicuius
2402 2374 2495 2430 viri,
2525 2378 2720 2431 quamvis

269 2447 464 2491 doctrina
493 2444 751 2499 ingenioque
779 2444 1107 2500 spectatissimi,
1134 2445 1196 2488 ita
1223 2444 1358 2499 sequi,
1388 2450 1433 2487 ut
1462 2444 1505 2486 in
1533 2460 1601 2488 res
1632 2446 1765 2488 semel
1796 2446 1851 2488 ab
1882 2445 1978 2488 aliis
2007 2450 2234 2488 tractatam
2263 2461 2341 2501 pro
2370 2447 2483 2490 virili
2514 2456 2636 2504 parte
2665 2452 2719 2494 de

265 2536 374 2565 novo
407 2518 621 2575 inquirere
652 2517 837 2562 desinas.
906 2518 1043 2562 Video
1079 2517 1192 2561 enim
1234 2518 1397 2561 nullum
1435 2517 1640 2561 editorem
1678 2524 1776 2573 post
1804 2519 2097 2562 Hermannum
2126 2518 2181 2562 de
2211 2519 2456 2575 integritate
2483 2521 2608 2566 huius
2637 2525 2720 2567 loci

266 2593 527 2638 dubitavisse
558 2606 791 2647 omnesque
826 2590 976 2635 eodem
1006 2591 1144 2647 modo,
1174 2596 1221 2634 ut
1243 2591 1310 2634 vir
1330 2591 1404 2634 ille
1424 2590 1708 2647 doctissimus,
1739 2592 1888 2635 horum
1909 2606 2108 2635 versuum
2128 2592 2459 2649 explicationem
2485 2595 2720 2642 instituisse

267 2667 521 2713 sententiam
551 2679 635 2709 non
659 2665 823 2720 justam
853 2664 928 2707 tali
959 2664 1084 2708 modo
1115 2664 1364 2720 explentes,
1402 2669 1448 2707 ut
1474 2665 1642 2707 illorum
1671 2665 1916 2721 exemplum
1949 2669 2120 2708 secutus
2150 2665 2206 2708 ad
2236 2666 2378 2708 omnia
2409 2668 2553 2711 omnia
2579 2671 2721 2724 possis

267 2741 480 2798 supplere.
539 2738 751 2795 Oedipus,
795 2742 1024 2794 postquam
1060 2737 1225 2781 laetitia
1263 2737 1485 2782 exsultans
1525 2751 1683 2794 regem,
1722 2743 1768 2782 ut
1795 2751 1968 2782 manum
1998 2737 2080 2782 sibi
2113 2738 2373 2794 tangendam
2402 2746 2614 2801 caputque
2647 2758 2719 2788 ex-

268 2813 545 2861 osculandum
572 2812 824 2869 porrigeret,
853 2811 1110 2868 imploravit,
1134 2811 1229 2868 jam
1259 2824 1305 2855 re
1327 2811 1480 2855 melius
1511 2811 1782 2856 considerata
1801 2811 2015 2856 Theseum
2034 2825 2080 2855 se
2102 2816 2348 2867 rogaturum
2376 2826 2473 2859 esse
2501 2822 2645 2873 negat,
2675 2823 2722 2862 ut

268 2904 315 2935 se
357 2889 573 2933 hominem
612 2886 790 2942 flagitiis
833 2885 1166 2930 contaminatum
1209 2890 1372 2942 tangat.
1430 2886 1579 2941 Pergit
1617 2883 1695 2930 οὐκ
1736 2884 1873 2941 ἔγωγέ
1909 2902 1960 2930 σε
1996 2882 2097 2930 οὐδ’
2130 2881 2208 2930 οὖν
2235 2884 2364 2931 ἐάσω.
2441 2889 2560 2934 Haec
2588 2892 2721 2936 verba

268 2964 539 3008 Hei-mannus
568 2960 631 3004 ita
660 2960 869 3016 explevit:
914 2956 995 3003 οὔκ
1023 2957 1160 3015 ἔγωγέ
1193 2974 1244 3004 σε
1271 2955 1519 3016 θελήσαιμι)
1551 2953 1605 3002 ἂν
1634 2963 1780 3015 θιγεῖν
1809 2958 1933 3014 ἐμοῦ,
1967 2955 2062 3003 οὐδ’
2100 2953 2175 3003 οὖν
2206 2957 2340 3012 ἐάσω,
2373 2957 2411 3004 εἷ
2445 2961 2580 3014 αὐτὸς
2611 2962 2719 3018 βού-

267 3038 366 3081 λοιο
397 3038 552 3093 θιγεῖν.
605 3032 699 3086 Quo
729 3033 903 3078 tandem
926 3032 1059 3089 jure?
1097 3032 1228 3077 etiam
1256 3037 1385 3088 atque
1425 3032 1557 3077 etiam
1587 3046 1758 3087 quaero.
1847 3031 2010 3085 Quodsi
2039 3036 2134 3076 tam·
2155 3032 2405 3077 inconcinne
2432 3034 2632 3092 Sophocli
2659 3037 2721 3082 di-

268 3123 366 3155 cere
394 3108 597 3163 licuisset,
627 3106 818 3150 carmina
837 3108 932 3162 ejus
953 3120 1039 3149 non
1058 3106 1247 3162 cogitata
1269 3105 1577 3162 sapientissimi
1598 3105 1784 3149 omnium
1804 3111 2026 3162 poetarum
2049 3105 2333 3162 pulcherrimo
2357 3107 2482 3151 modo
2501 3122 2720 3167 expressa,

267 3181 346 3227 sed
374 3194 502 3224 voces
530 3179 755 3223 habendae
785 3184 930 3223 essent
958 3179 1138 3222 furentis
1168 3178 1349 3222 alicuius
1378 3183 1538 3221 temere
1568 3178 1690 3221 fusae
1719 3192 1798 3222 nec
1830 3191 2003 3221 causam
2034 3178 2300 3234 haberemus,
2331 3180 2385 3223 ob
2415 3193 2543 3235 quam
2566 3183 2720 3238 juven·

267 3260 402 3300 tutem
442 3259 633 3299 nostram
670 3252 723 3297 de
762 3253 930 3309 integro
959 3265 1130 3309 semper
1154 3252 1212 3296 ad
1243 3251 1355 3297 hunc
1385 3252 1556 3308 quidem
1594 3256 1766 3308 poetam
1806 3252 2057 3307 relegemus.
2115 3252 2173 3295 At
2201 3264 2270 3296 res
2297 3252 2359 3296 sic
2388 3266 2435 3297 se
2465 3268 2550 3299 non
2580 3256 2721 3314 habet,

269 3334 316 3374 ut
344 3328 547 3385 Sophocli
573 3328 702 3384 culpa
726 3326 980 3383 imputanda
1007 3327 1075 3383 sit,
1105 3339 1214 3382 quae
1231 3339 1257 3369 a
1273 3325 1458 3370 librariis
1488 3326 1717 3370 commissa
1737 3329 1815 3369 est.
1862 3325 2190 3382 simplicissima
2208 3326 2322 3370 enim
2346 3328 2577 3374 mutatione
2606 3329 2724 3375 sacta

2602 3394 2613 3411 x
