2972 3773
1473 83 1535 129 19

268 223 396 283 quasi
425 225 526 267 ante
553 219 670 264 dicta
693 218 847 263 iterum
884 219 1096 274 repetem,
1124 215 1170 258 in
1197 227 1249 259 eo
1276 214 1358 258 hoc
1385 216 1558 272 quidem
1582 217 1676 260 loco
1700 218 1917 261 offendere
1944 233 2121 276 nequeo.
2173 223 2374 267 Ceterum
2401 225 2597 268 omittere
2625 227 2725 270 nolo

269 296 423 345 Philol.
456 295 540 341 vol.
557 294 653 351 XV,
682 306 723 350 p.
754 291 839 335 114
865 291 921 334 ab
939 290 1111 346 Engero
1140 289 1408 345 conjecturas
1427 289 1603 333 Martini
1631 287 1730 348 φίλ’
1762 287 1806 333 εἷ
1833 291 2003 336 vehit&
2028 311 2110 349 μοι
2129 294 2340 340 θανόντι·
2372 297 2449 341 καὶ
2477 296 2564 354 γὰρ
2593 298 2724 351 ζῶντί

269 367 312 428 y'
345 365 506 414 οὐκέθ’
538 365 686 420 &gamo
722 369 767 410 et
802 362 985 407 Hertelii
1022 361 1123 420 σφώ
1162 359 1204 405 d’
1245 358 1424 419 εὖοδοίη
1470 362 1585 415 Ζεὺς
1626 363 1774 421 ταφὴν
1800 366 1941 408 τελεῖν
1969 365 2072 421 ἐμοί
2099 369 2143 411 in
2169 371 2310 414 medio
2339 372 2584 428 propositas
2610 385 2720 415 esse.

266 441 382 498 Quid
410 453 512 487 vero
541 439 596 484 de
626 438 723 496 ipso
751 439 923 494 Engero
953 439 1141 479 statuam
1167 435 1316 479 ambos
1345 435 1423 479 hos
1450 449 1601 479 versus
1629 437 1873 492 expellente
1897 452 1983 481 non
2009 453 2118 496 opus
2149 448 2215 485 est
2242 444 2397 488 dicere.

824 511 875 553 V.
909 509 1017 551 1443
1543 512 1684 553 ταῦτα
1714 506 1759 552 δ’
1791 509 1836 553 ἐν
1863 513 1928 567 τῷ
1956 510 2140 567 δαίμονι

1046 579 1123 624 καὶ
1151 580 1258 639 τῇδε
1286 583 1453 639 φῦναι
1482 577 1663 640 χᾶτὲρᾳ.

379 663 512 707 Recte
540 658 764 716 requisivit
792 657 1015 701 Nauckius
1050 668 1128 712 pro
1159 657 1295 711 φῦναι
1325 656 1502 698 verbum
1528 656 1708 698 factivae
1738 659 1975 712 potestatis.
2005 660 2274 706 'Meinekius
2303 679 2470 719 quoque
2500 666 2541 708 ei
2567 680 2712 709 assen—

263 736 336 782 tiri
362 735 542 780 videtur.
588 733 669 776 Ille
692 745 794 775 vero
819 733 990 786 κρᾶναι,
1014 729 1084 771 hic
1118 732 1257 784 φῆναι
1286 730 1470 771 scribere
1500 730 1643 771 voluit.
1692 731 1873 785 Propter
1901 734 2226 778 antecedentem
2255 737 2467 791 syllabam
2496 740 2544 782 δε
2572 741 2712 793 magis

263 810 435 855 videtur
465 805 752 852 commendari
782 805 1007 853 δοῦναι,
1038 803 1223 846 verbum'
1238 802 1337 845 huic
1364 803 1456 845 loco
1487 803 1987 849 accommodatissimum.

821 877 871 919 V.
904 875 1014 919 1488
1069 873 1115 918 τί
1141 871 1184 918 δ’
1216 869 1269 919 ἣν
1287 876 1454 926 ,θέλοις
1481 875 1532 919 τὸ
1562 875 1723 920 πιστὸν
1752 876 1944 935 ἐμφῦναι
1977 878 2133 937 (poetri,-

373 957 440 1001 Ab
484 954 716 1000 editoribus
759 951 870 995 duae
897 950 1032 1006 huius
1076 962 1227 993 versus
1274 948 1648 1005 interpretationes
1690 955 1789 995 sunt
1827 953 2085 1009 propositae.
2151 956 2287 1000 Alteri
2327 956 2584 1003 scholiastae
2631 959 2705 1004 ad-

257 1031 452 1088 stipulati
470 1029 525 1073 ab
544 1029 762 1083 Antigona
780 1026 871 1069 sive
892 1024 1019 1067 choro
1040 1023 1252 1080 Oedipum
1271 1037 1475 1066 arcanum
1495 1024 1601 1067 illud
1620 1025 1774 1080 rogari,
1795 1027 1908 1080 quod
1929 1027 1997 1072 hic
2018 1043 2113 1072 oum
2134 1030 2301 1075 Theseo
2323 1033 2707 1078 communicaturus

258 1106 328 1162 sit,
357 1103 480 1147 alteri
518 1116 545 1145 a
583 1102 710 1145 choro
746 1100 838 1143 sive
867 1099 1084 1153 Antigona
1122 1111 1297 1141 causam
1336 1111 1389 1140 ex
1426 1098 1499 1140 illo
1540 1099 1688 1151 quaeri
1717 1105 1929 1156 statuunt,
1970 1116 2046 1145 cur
2073 1103 2240 1148 Theseo
2269 1105 2528 1150 adveniente
2552 1108 2707 1152 mentis

257 1191 432 1235 compos
461 1190 556 1220 esse
585 1175 703 1219 velit.
758 1174 824 1216 Ab
858 1172 938 1215 hac
968 1172 1181 1215 sententia
1209 1175 1416 1216 steterunt
1445 1176 1488 1215 et
1517 1171 1810 1230 Musgravius,
1841 1174 1913 1229 qui
1942 1190 2169 1232 perperam
2197 1176 2248 1222 τὸ
2278 1178 2440 1248 πιστὸν
2472 1179 2517 1224 in
2545 1178 2596 1224 τὸ
2624 1196 2704 1226 πι-

256 1253 384 1296 νυτὸν
412 1250 615 1306 mutavit,
654 1253 697 1291 et
725 1247 973 1301 Jacobsius,
1005 1245 1078 1300 qui
1106 1246 1214 1289 bene
1244 1243 1295 1289 τὸ
1328 1244 1488 1289 πιστὸν
1529 1246 1763 1302 explicavit
1793 1246 1841 1291 τὸ
1883 1245 2026 1304 ὀρθὸν
2060 1252 2139 1308 τῆς
2181 1249 2368 1308 φρενὸς,
2409 1255 2707 1300 inconcussum

254 1329 403 1369 mentis
432 1333 612 1372 statum,
642 1325 711 1365 cui
741 1324 832 1376 quis
861 1321 1061 1374 confidere
1086 1321 1230 1372 possit.
1276 1319 1361 1371 Qui
1404 1320 1658 1364 contrariam
1686 1321 1966 1366 defenderunt
1997 1324 2402 1382 interpretationem,
2434 1327 2478 1370 in
2507 1325 2703 1384 ἐμφῦναι

254 1399 522 1444 offenderunt
558 1397 798 1451 multasque
833 1392 958 1445 huius
997 1392 1117 1437 verbi
1155 1392 1473 1437 emendationes
1505 1393 1663 1438 frustra
1691 1400 1983 1452 tentaverunt,
2014 1398 2283 1448 Hermannus
2309 1399 2507 1458 ἐμφῦσαι
2536 1406 2702 1445 retento

254 1469 396 1530 φρενί,
428 1470 651 1515 Nauckius
682 1467 875 1526 ἐμφῆναι
905 1465 1154 1510 addubitato
1183 1464 1320 1523 φρενί,
1351 1466 1592 1511 Meinekius
1617 1466 1811 1526 ἐμφῆναι
1838 1469 1954 1527 λόγῳ
1984 1472 2053 1515 vel
2085 1470 2283 1529 ἐμφῦσαι
2313 1471 2430 1531 λόγῳ
2452 1475 2700 1520 scribentes,

253 1547 313 1591 Ut
342 1545 445 1601 quid
472 1545 566 1600 ipse
596 1542 799 1596 sentiam,
830 1540 975 1584 statim
1003 1539 1048 1582 in
1077 1539 1263 1583 medium
1287 1540 1521 1597 proferam,
1552 1540 1688 1584 fateor
1718 1543 1937 1597 utriusque
1969 1545 2104 1600 partis
2132 1547 2300 1590 criticos
2325 1547 2415 1589 veri
2444 1548 2608 1604 aliquid
2638 1549 2698 1591 vi-

250 1620 378 1664 disse.
428 1617 675 1663 Jacobsium
704 1613 852 1669 laudo,
882 1613 996 1668 quod
1025 1613 1283 1657 sententiam
1311 1613 1436 1657 huius
1465 1613 1547 1657 loci
1576 1628 1684 1657 unus
1714 1616 1900 1658 omnium
1930 1618 2164 1660 rectissime
2193 1620 2447 1675 explicavit,
2487 1622 2584 1664 illos
2614 1636 2697 1664 non

248 1694 468 1750 vitupero,
513 1690 586 1746 qui
615 1689 806 1734 codicum
835 1687 1060 1731 lectionem
1091 1685 1279 1744 ἐμφῦναι
1320 1686 1689 1743 impugnaverunt.
1747 1690 1916 1741 Quaero
1946 1705 2047 1734 vero
2078 1705 2133 1734 ex
2162 1693 2377 1748 omnibus,
2417 1694 2490 1747 qui
2515 1695 2583 1738 his
2611 1701 2698 1739 stu·

248 1768 332 1812 diis
360 1766 464 1810 dant
493 1777 691 1822 operam,
722 1776 821 1804 num
853 1762 947 1816 quis
975 1773 1177 1815 umquam
1205 1774 1259 1803 ex
1287 1760 1430 1804 verbis
1456 1761 1611 1816 Oedipi
1640 1776 1681 1805 v.
1711 1763 1819 1804 1486
1846 1778 1908 1817 sq.
1939 1766 2188 1808 concludere
2218 1767 2404 1821 potuerit
2432 1767 2551 1810 illum
2579 1782 2696 1812 arca-

246 1856 348 1885 num
384 1838 560 1894 aliquod
587 1837 755 1881 Theseo
794 1835 1092 1878 commisurum
1120 1834 1274 1890 fuisse,
1317 1848 1447 1889 quum
1476 1841 1651 1892 propter
1679 1837 1835 1880 multas
1863 1838 1973 1881 alias
2003 1852 2071 1882 res
2101 1839 2258 1883 Thesei
2287 1840 2519 1884 adventum
2548 1850 2695 1898 posset

245 1918 464 1972 exoptare.
519 1913 575 1956 Et
601 1911 639 1955 si
663 1923 709 1954 re
739 1922 854 1966 vera,
880 1922 1025 1966 pergo,
1055 1907 1272 1965 Antigona
1300 1908 1368 1952 vel
1396 1908 1548 1953 chorus
1577 1908 1775 1953 scivisset
1797 1911 2007 1968 Oedipum
2038 1926 2133 1954 cum
2153 1913 2322 1957 Theseo
2352 1927 2554 1958 arcanum
2583 1930 2694 1960 com-

244 1988 461 2034 municare
489 1987 622 2041 velle,
652 1997 752 2028 num
778 1983 874 2027 ideo
903 1982 1139 2040 putandum
1168 1987 1234 2026 est
1258 1982 1355 2026 illos
1383 1986 1472 2025 tam
1501 1983 1765 2040 importunos
1795 1985 1958 2028 futuros
1991 1986 2139 2039 fuisse,
2170 1993 2216 2030 ut
2247 2001 2472 2043 arcanum,
2501 1990 2596 2033 dico
2626 2004 2690 2033 ar·

244 2076 410 2117 canum,
440 2064 555 2103 certo
585 2057 692 2113 ipsis
721 2069 806 2099 non
838 2056 1109 2111 destinatum,
1138 2069 1192 2098 ex
1213 2055 1379 2112 Oedipo
1399 2061 1665 2109 quaererent.
1715 2059 1835 2109 Quae
1857 2072 1985 2113 quum
2016 2061 2077 2102 ita
2095 2062 2193 2116 sint,
2223 2062 2350 2116 φρενὶ
2380 2064 2482 2106 mihi
2513 2066 2690 2119 salvum,

243 2135 438 2191 ἐμφῦναι
457 2137 612 2176 -autem
641 2132 686 2174 in
717 2129 977 2183 ἐμμεῖναι
1009 2129 1257 2171 mutandum
1286 2128 1472 2184 videtur,
1512 2129 1626 2183 quod
1652 2143 1779 2183 quam
1808 2145 1940 2187 saepe
1970 2147 1998 2176 a
2026 2133 2211 2177 librariis
2240 2134 2349 2178 falso
2379 2136 2436 2178 sit
2461 2137 2615 2179 lectum
2644 2139 2685 2180 in

241 2208 331 2251 obs.
361 2205 452 2250 crit.
488 2204 545 2249 ad
572 2203 703 2259 Soph.
734 2201 838 2247 Oed.
864 2201 968 2257 Reg.
996 2216 1034 2244 v.
1067 2201 1188 2257 1225,
1214 2215 1256 2257 p.
1291 2201 1345 2243 12
1373 2201 1566 2258 exposui.

795 2275 844 2318 V.
878 2274 986 2316 1489
1044 2269 1150 2317 ἀνθ’
1184 2266 1245 2316 ὧν
1276 2270 1473 2327 ἔπασχον
1507 2269 1567 2325 εὖ,
1597 2274 1867 2331 τελεσφόρον
1894 2276 2022 2331 χάριν

1047 2343 1205 2391 δοῦναί
1232 2362 1351 2403 σφιν,
1381 2343 1522 2403 ἥνπερ
1551 2348 1837 2403 τυγχάνων
1866 2345 2132 2407 ὑπεσχόμην.

349 2424 572 2471 Nauckius
611 2421 846 2467 rectissime
882 2416 1101 2476 τυγχάνων
1139 2420 1441 2476 interpolatum
1482 2433 1577 2463 esse
1616 2421 1790 2464 censuit.
1849 2422 2028 2464 Frustra
2069 2428 2216 2466 contra
2244 2424 2317 2465 alii
2355 2424 2607 2481 interpretes
2636 2429 2680 2470 in

235 2502 316 2546 hoc
346 2500 477 2544 verbo
507 2494 775 2541 defendendo
803 2495 978 2537 multam
1005 2506 1180 2548 operam
1210 2499 1543 2537 consumserunt.
1603 2494 1743 2545 Quam
1771 2495 1927 2538 falsum
1955 2496 2011 2538 sit
2041 2496 2154 2551 quod
2175 2510 2285 2539 nunc
2305 2498 2470 2553 legitur,
2504 2501 2675 2557 optime,

233 2580 281 2618 ut
308 2573 486 2629 ubique,
530 2567 730 2626 cognosci
758 2566 914 2625 poterit
948 2578 1053 2609 vera
1087 2566 1269 2609 lectione
1308 2566 1516 2610 restituta.
1575 2567 1696 2610 Haec
1724 2573 1866 2610 autem
1897 2569 1989 2612 sine
2020 2569 2147 2612 dubio
2177 2575 2368 2626 respecto
2395 2584 2433 2612 v.
2467 2572 2553 2614 582
2582 2573 2619 2615 h.
2650 2575 2677 2616 f.

234 2645 340 2692 ὅταν
368 2643 498 2691 θάνω
528 2642 612 2700 ἐγώ
642 2641 718 2687 καὶ
747 2640 800 2687 σύ
829 2655 917 2695 μου
944 2635 1111 2697 ταφεῠς
1139 2637 1240 2698 γένη
1268 2643 1335 2683 est
1360 2656 1420 2682 αν
1450 2637 1646 2683 θανών.

791 2716 841 2757 V.
870 2713 978 2756 1533
1032 2707 1199 2765 χοῦτως
1228 2710 1366 2770 ἆὸῇον
1394 2709 1555 2769 τήνδ’
1577 2710 1936 2769 ἐνοικήσεις
1923 2713 2056 2756 πόλιν

1038 2787 1245 2841 σπαρτῶν
1275 2781 1361 2828 ἀπ’
1393 2783 1574 2843 ἀνδρῶν,

342 2866 440 2908 Duo
483 2863 739 2906 exstiterunt
781 2862 883 2916 viri,
927 2861 999 2915 qui
1038 2860 1082 2902 in
1121 2859 1188 2902 his
1232 2860 1427 2903 versibus
1471 2860 1754 2915 offenderent,
1799 2860 2069 2914 Schaeferus‚
2112 2860 2184 2914 qui
2226 2863 2437 2914 σπαρτῶν
2478 2858 2557 2905 ὕπ’
2604 2861 2673 2907 ἇν-

227 2940 345 2993 δρῶν
381 2936 651 2982 scribendum
688 2949 784 2978 esse
821 2938 1013 2989 putaret,
1052 2937 1095 2975 et
1123 2932 1404 2989 Blaydesius,
1444 2934 1517 2989 qui
1544 2948 1623 2989 pro
1650 2927 1770 2989 τήνδ’
1797 2931 2039 2989 ἕνοικήσεις
2067 2932 2197 2976 vellet
2224 2929 2344 2989 τήνδ’
2380 2928 2431 2978 ἂν
2451 2931 2671 2991 οἶκήσαις.

226 3011 379 3056 Neutri
409 3009 606 3066 equidem
634 3021 809 3065 possum
838 3004 1048 3050 assentiri.
1106 3005 1337 3049 Verissime
1376 3010 1518 3049 autem
1556 3006 1609 3049 de
1636 3005 1854 3061 Blaydesii
1888 3006 2133 3061 conjectura
2161 3006 2403 3050 Meinekius
2430 3008 2487 3050 ad
2514 3009 2669 3054 Electr.

225 3098 265 3127 v.
297 3084 379 3128 798
408 3084 581 3128 monuit.
639 3081 925 3125 Nihilominus
952 3084 994 3122 et
1022 3079 1116 3135 ipse
1144 3079 1300 3123 haereo
1330 3079 1373 3122 in
1401 3080 1531 3123 verbo
1561 3075 1801 3135 ἐνοικήσεις
1830 3091 1925 3120 cum
1963 3078 2279 3135 praepositione
2300 3074 2394 3123 ἀπὸ
2418 3080 2672 3129 inconcinno

224 3156 349 3200 modo
375 3141 613 3213 conjuncto.
655 3153 835 3198 Accedit
863 3152 974 3208 quod
1003 3152 1180 3195 verbum
1209 3149 1394 3195 ἐνοικεῖν
1423 3156 1627 3206 quantum
1654 3151 1788 3194 sciam
1805 3152 1921 3194 nullo
1951 3152 2036 3194 alio
2065 3153 2158 3196 loco
2187 3152 2579 3209 apudSophoclem
2609 3157 2667 3201 le—

223 3228 339 3283 gitur
366 3230 562 3285 aliusque
592 3228 711 3272 verbi
742 3226 910 3271 videtur
941 3224 1171 3281 explicatio
1201 3237 1313 3267 esse.
1364 3225 1633 3268 Postulamus
1662 3229 1805 3269 autem
1830 3225 2026 3282 verbum,
2065 3226 2132 3270 cui
2161 3226 2307 3270 tuendi
2339 3231 2381 3269 et
2409 3226 2668 3274 defendendi

222 3301 336 3345 inest
361 3303 492 3357 notio.
547 3302 655 3346 Tale
683 3301 889 3344 facillima
914 3298 1148 3342 mutatione
1174 3297 1421 3353 parabimus
1448 3298 1582 3342 verba
1610 3301 1652 3340 Τ
1647 3300 1868 3342 ΗΝΔΕΝ
1874 3300 2165 3342 ΟΙΚΗΣΕΙΣ
2189 3299 2233 3342 in
2259 3299 2366 3343 haec
2396 3306 2577 3355 quatuor
2605 3303 2668 3347 di-
