2972 3773
1472 148 1500 193 9

872 276 921 322 V.
951 276 1036 320 636
1093 273 1188 332 ἆγώ
1217 275 1452 332 σεβισθεὶς
1481 271 1636 323 οὔποτ’
1671 275 1847 334 ἐκβαλῶ
1872 272 2003 333 χάριν

1100 347 1180 408 τὴν
1207 348 1352 403 τοῦδε,
1381 348 1505 410 χώρᾳ
1536 345 1841 406 δ’ἔμπαλιν
1868 351 2095 394 κατοικιῶ.

1094 419 1136 467 εἶ
1160 419 1203 466 δ’
1237 419 1396 468 ἐνθάδ’
1427 421 1509 481 ἡδὺ
1536 425 1599 482 τῷ
1629 423 1738 481 ξένῳ
1762 421 1951 480 μίμνειν,
1982 424 2036 468 σέ
2061 439 2126 468 νιν

1091 491 1213 548 τάξω
1240 493 1507 553 φυλάσσειν·
1530 493 1627 542 εἴτ’
1658 495 1771 552 ἐμοῦ
1798 493 1986 550 στείχειν
2011 494 2126 549 μέτα

1090 568 1149 611 τὸ
1181 564 1226 610 δ’
1257 564 1359 625 ἡδὺ
1390 566 1567 622 τούτων,
1604 567 1838 620 Οἰδίπους,
1869 566 2037 623 δίδωμί
2060 585 2134 613 σοι

1092 638 1289 694 κρίναντι
1314 644 1535 697 χρῆσθαι·
1563 643 1670 701 τῇδε
1697 641 1779 697 γὰρ
1810 638 2085 695 ξυνοίσομαι.

368 718 435 758 De
464 716 531 759 his
559 715 753 758 versibus
782 715 1024 771 nuperrime
1052 714 1136 757 duo
1165 713 1247 757 viri
1275 713 1511 758 doctissimi
1538 714 1821 771 scripserunt,
1849 714 1897 757 L.
1925 714 2182 770 Spengelius
2212 715 2257 759 in
2284 716 2434 761 Philol.
2464 718 2546 762 vol.
2576 718 2703 772 XIX,

255 805 295 845 p.
311 790 397 832 442
415 804 478 844 sq.
509 794 552 832 et
569 788 811 832 Meinekius
838 789 884 831 in
913 788 1099 831 editione
1130 801 1210 830 sua
1239 787 1365 830 huius
1385 788 1570 845 tabulae,
1593 803 1637 845 p.
1664 787 1758 831 162.
1808 787 1997 840 Quorum
2021 788 2209 833 virorum
2228 790 2533 846 auctoritatem,
2555 805 2703 846 quam-

255 862 322 906 vis
351 862 580 917 plurimum
610 863 755 906 valeat
783 862 828 905 in
856 861 954 905 aliis
984 861 1123 916 rebus,
1151 865 1295 904 tamen
1324 860 1369 904 in
1402 860 1484 905 hac
1510 875 1744 918 agnoscere
1774 874 1951 917 nequeo.
2000 862 2204 918 Approbo
2235 861 2418 920 quidem,
2447 863 2561 920 quod
2588 863 2703 908 Mus-

255 935 395 990 gravii
424 935 714 990 conjecturam
737 932 925 986 ἒμπολιν
939 933 1181 976 Meinekius
1200 933 1385 989 tandem,
1415 939 1643 989 postquam
1662 947 1808 978 omnes
1827 933 1917 977 fere
1936 933 2192 990 interpretes
2207 935 2414 991 Elmslej0
2432 941 2477 979 et
2490 937 2703 982 Ellendtio

256 1007 449 1064 exceptis
476 1008 532 1051 ab
561 1006 676 1051 illius
705 1006 899 1063 partibus
929 1010 1158 1063 steterunt,
1197 1005 1475 1062 rejiciendam
1504 1020 1600 1052 esse
1629 1007 1814 1063 censuit,
1854 1006 1932 1051 sed
1973 1006 2135 1051 nullam
2163 1007 2333 1052 omnino
2360 1008 2486 1053 video
2515 1024 2701 1067 causam,

253 1083 308 1126 ob
329 1096 457 1137 quam
487 1078 681 1136 ἔμπαλιν
709 1080 754 1124 in
774 1077 897 1135 ἔμπα
927 1096 993 1124 νιν
1022 1084 1338 1124 commutemus.
1382 1079 1559 1125 Missum
1580 1081 1709 1137 igitur
1734 1081 1942 1125 faciamus
1973 1080 2052 1124 hoc
2072 1080 2394 1125 Meinekianum
2424 1082 2641 1127 inventum
2659 1089 2702 1128 et

254 1170 331 1212 pro
368 1153 483 1200 virili
521 1159 644 1212 parte
685 1151 879 1209 ἔμπαλιν
913 1152 1227 1198 defendendum
1257 1153 1551 1210 suspiciamus.
1610 1154 1834 1211 Significat
1872 1158 2015 1198 autem
2045 1153 2146 1211 hoc,
2186 1155 2300 1211 quod
2328 1168 2406 1200 nos
2434 1155 2614 1202 dicimus
2645 1160 2699 1200 im

258 1229 515 1283 Geqentheil5
543 1222 794 1282 τοῦμπαλιν
823 1227 1001 1271 Graecis
1030 1227 1171 1284 ipsum
1198 1232 1264 1271 est
1294 1228 1566 1272 contrarium.
1626 1228 1741 1273 Dicit
1767 1228 1898 1283 igitur
1925 1228 2117 1272 Theseus
2146 1228 2236 1273 fere
2264 1229 2365 1273 hoc:
2406 1232 2516 1273 scine
2547 1232 2700 1274 Liebes-

253 1303 354 1356 qabe
382 1303 518 1345 werde
548 1303 612 1344 ich
639 1302 812 1344 niemals
841 1303 993 1344 wieder
1021 1303 1170 1356 falaren
1200 1303 1358 1357 lassent,
1397 1303 1456 1344 im
1488 1301 1740 1357 Geqemheil,
1782 1305 1842 1345 ich
1885 1303 2018 1346 werde
2060 1304 2128 1345 ihr
2163 1305 2253 1346 eine
2283 1302 2416 1347 Smne
2443 1305 2626 1360 schaffen
2655 1307 2700 1348 in

255 1388 446 1419 unserem
475 1375 629 1418 Laude.
677 1373 808 1417 Aliud
837 1378 903 1417 est
932 1387 1021 1417 rem
1047 1374 1235 1429 aliquam
1264 1375 1439 1419 missam
1469 1388 1553 1419 non
1580 1376 1734 1432 facere,
1764 1375 1882 1418 aliud
1903 1374 2131 1431 diligenter
2160 1389 2257 1418 eam
2277 1388 2516 1421 asservare.
2561 1376 2696 1428 Quasi

252 1447 384 1503 igitur
411 1447 522 1491 inter
550 1446 806 1501 loquendum
833 1445 1004 1490 demum
1021 1445 1280 1491 intellexerit
1299 1461 1427 1503 quam
1456 1448 1693 1504 plurimum,
1723 1448 1807 1491 imo
1827 1452 1874 1490 ut
1895 1460 1984 1491 rem
2004 1448 2271 1504 contrariam,
2299 1447 2428 1506 χάριν
2448 1445 2610 1493 οὔποτ’
2634 1449 2699 1494 ἐκ·

252 1521 406 1575 βαλεῖν
433 1519 603 1564 differre
632 1534 660 1563 a
687 1518 813 1574 χάριν
839 1516 960 1577 χώρᾳ
988 1518 1275 1573 κατοικίζειν,
1301 1521 1535 1565 orationem
1564 1534 1687 1565 suam
1716 1526 1980 1565 correcturus
2016 1521 2136 1564 addit
2164 1522 2356 1565 Theseus
2384 1518 2510 1580 χώρᾳ
2540 1519 2584 1564 δ’
2618 1520 2699 1576 3352-

253 1596 390 1637 παλιν
418 1595 646 1637 κατοικιιῦ.
703 1593 919 1645 Quantum
946 1593 1092 1649 video,
1131 1594 1404 1649 Musgravius
1445 1600 1487 1638 et
1526 1609 1620 1639 cum
1650 1608 1702 1639 eo
1731 1595 1990 1651 posteriores
2019 1594 2204 1638 editores
2232 1594 2344 1638 hunc
2373 1595 2513 1638 locum
2541 1595 2603 1639 ita
2630 1609 2699 1640 ac-

253 1672 469 1724 ceperunt,
497 1673 543 1710 ut
571 1667 627 1709 ad
657 1670 870 1710 κατοικιῶ
898 1667 1111 1710 Theseum
1140 1668 1355 1723 objectum
1383 1673 1662 1712 assumerent.
1718 1669 1811 1711 Hoc
1840 1682 2041 1722 umquam
2070 1668 2163 1711 fieri
2188 1682 2317 1724 posse
2345 1681 2468 1722 nego.
2523 1668 2699 1712 Nullum

253 1741 371 1785 aliud
399 1741 456 1783 ad
484 1741 660 1783 verbum
690 1743 904 1782 κατοικιῶ
930 1742 1116 1797 pertinet
1145 1742 1372 1797 objectum,
1402 1755 1532 1797 quam
1560 1741 1635 1798 τὴν
1664 1743 1792 1784 τοῦδε
1818 1739 1960 1796 χάριν.
2018 1743 2204 1785 Locutus
2231 1746 2373 1784 autem
2402 1747 2469 1785 est
2494 1743 2698 1800 Theseus,

252 1815 296 1858 id
326 1814 439 1870 quod
468 1815 722 1870 interpretes
751 1826 836 1855 non
864 1821 1186 1870 perspexerunt,
1215 1815 1385 1870 poetica
1416 1815 1603 1869 quadam
1633 1815 1796 1857 ratione
1825 1815 2061 1871 respiciens
2094 1829 2190 1858 cum
2220 1814 2277 1857 ad
2296 1814 2579 1870 paucissimos
2600 1816 2696 1861 illos

250 1889 344 1932 dies
373 1888 538 1943 Oedipo
578 1887 717 1928 adhuc
752 1887 867 1929 vitae
899 1887 1106 1943 reliquos,
1146 1895 1235 1930 tum
1265 1889 1322 1930 ad
1349 1889 1425 1930 illa
1454 1895 1666 1943 tempora,
1699 1888 1770 1930 ubi
1794 1889 1889 1943 jam
1920 1902 2053 1931 senex
2084 1888 2138 1931 de
2166 1889 2257 1931 vita
2289 1888 2559 1932 decessisset.
2617 1890 2695 1934 Co·

250 1963 361 2018 gitat
403 1961 533 2016 igitur
571 1962 666 2016 jam
708 1974 819 2002 nunc
861 1961 988 2003 etiam
1034 1962 1087 2004 de
1131 1963 1280 2004 ultima
1319 1962 1394 2004 illa
1435 1962 1582 2017 domo,
1634 1975 1744 2016 quae
1788 1975 2129 2016 unumquemque
2181 1966 2372 2005 nostrum
2415 1967 2558 2005 manet
2597 1969 2695 2018 post

249 2042 438 2079 mortem.
486 2036 684 2078 Ceterum
714 2034 816 2088 quid
843 2034 1007 2090 Oedipo
1037 2035 1266 2091 profuisset
1293 2035 1404 2079 inter
1433 2036 1548 2079 cives
1565 2035 1849 2079 Athenienses
1876 2036 1955 2079 rite
1984 2035 2152 2091 recipi?
2208 2036 2333 2079 Nunc
2362 2035 2533 2091 quidem
2560 2037 2695 2080 solum

249 2109 405 2153 Thesei
448 2108 708 2164 praesidium
751 2108 1065 2163 imploraverat.
1129 2110 1281 2163 Itaque
1319 2109 1416 2163 illa,
1456 2122 1566 2163 quae
1605 2108 1649 2151 in
1688 2113 1855 2164 tempus
1893 2110 2035 2151 facere
2064 2114 2242 2164 paratus
2286 2110 2362 2166 sit,
2405 2109 2597 2153 Theseus
2627 2109 2692 2165 iis,

249 2196 361 2239 quae
401 2181 676 2237 sequentibus
708 2181 901 2224 versibus
939 2187 1229 2237 exponuntur,
1268 2182 1537 2236 significavit.
1597 2185 1718 2233 Quae
1759 2196 1888 2236 quum
1918 2182 1980 2224 ita
2008 2183 2114 2237 sint,
2159 2183 2275 2225 nullo
2305 2182 2430 2226 modo
2461 2183 2691 2238 Spengelio

250 2255 451 2300 assentiri
485 2268 660 2311 possum
688 2254 868 2297 dicenti:
899 2268 939 2296 es
968 2256 1070 2308 folyt
1100 2257 1199 2297 aber
1231 2259 1362 2303 auch,
1393 2257 1490 2297 dass
1522 2257 1670 2298 diesem
1702 2252 1814 2299 εἴτε
1845 2258 1911 2297 εἰη.
1941 2257 2115 2297 anderes
2144 2257 2331 2298 wirklich
2362 2257 2461 2298 oder
2488 2257 2577 2298 dem
2611 2255 2691 2299 Ge-

249 2331 410 2371 danken
444 2330 550 2370 nach
585 2329 848 2380 emsprechen
883 2340 1019 2375 muss,
1056 2329 1144 2370 und
1182 2329 1293 2369 beide
1326 2330 1411 2370 sich
1451 2342 1507 2370 an
1539 2329 1614 2370 das
1652 2328 1831 2370 Verbum
1866 2330 2140 2371 κατοικιῶ
2179 2330 2474 2370 αηεοΙιΙῐεεεοηε
2513 2330 2576 2370 ich
2606 2330 2694 2371 will

249 2405 327 2445 den
355 2403 557 2445 Fremden
590 2403 632 2442 ῖη
660 2413 849 2442 miserem
880 2400 1022 2442 Lanae
1051 2401 1285 2449 ansiedeln,
1333 2403 1391 2442 sei
1422 2415 1486 2449 es,
1533 2402 1630 2443 dass
1672 2414 1717 2443 er
1744 2402 1834 2443 hier
1863 2402 2016 2443 bleiben
2044 2414 2163 2455 may.
2205 2401 2293 2442 uvad
2324 2402 2367 2442 in
2397 2402 2546 2442 diesem
2576 2401 2693 2444 Faue

247 2477 363 2518 sollst
403 2476 462 2517 du
498 2474 571 2528 fiir
606 2475 677 2515 ἱΙιη
715 2485 887 2526 soryen,
931 2474 1031 2515 oder
1072 2475 1170 2515 dass
1212 2486 1257 2515 er
1287 2475 1361 2516 mit
1390 2476 1473 2516 mir
1501 2476 1626 2528 ychen
1656 2474 1754 2516 will.
1815 2474 1871 2516 Es
1902 2475 1954 2516 ist
1985 2475 2114 2516 daher
2145 2476 2253 2516 nicht
2282 2474 2692 2525 unwahrscheinlich,

247 2550 344 2591 dass
375 2547 674 2596 κατοικιῶ,
706 2540 808 2588 εἴτ’
840 2542 1035 2589 ἐνθάδ’
1067 2543 1171 2602 ἡὸὐ
1193 2577 1204 2589 .
1225 2579 1235 2589 .
1256 2542 1358 2589 εἴτ’
1384 2579 1393 2588 .
1416 2560 1496 2588 ‚zu
1527 2547 1634 2589 lesen
1662 2548 1729 2589 ist.
1758 2569 1814 2576 —
1849 2546 1954 2589 Post
1984 2547 2192 2590 κατοικιῶ
2218 2550 2419 2601 punctum
2447 2545 2692 2601 ponendum

247 2625 325 2676 est,
354 2624 400 2664 ut
429 2619 623 2663 omnibus
653 2618 915 2673 temporibus
945 2623 1011 2661 est
1039 2619 1212 2661 factum.
1268 2619 1381 2662 Nam
1406 2623 1587 2673 quatuor
1616 2624 1846 2674 sequentes
1884 2632 2034 2662 versus
2070 2631 2148 2674 per
2177 2630 2223 2661 se
2250 2622 2383 2660 totum
2411 2617 2576 2672 aliquid
2600 2618 2691 2661 effi·

248 2694 374 2738 ciunt.
431 2694 536 2738 Jure
563 2705 665 2736 vero
694 2692 948 2748 interpretes
969 2691 1013 2735 in
1034 2690 1100 2735 his
1120 2691 1315 2735 versibus
1334 2691 1666 2736 haesitaverunt.
1714 2694 1909 2746 Apparet,
1938 2691 2075 2747 inquit
2093 2690 2345 2746 Meinekius,
2374 2691 2420 2733 in
2440 2692 2504 2732 his
2528 2692 2693 2734 nullum

246 2781 330 2810 esse
367 2769 570 2822 legitimae
610 2767 817 2808 orationis
857 2768 1085 2819 vestiqium.
1144 2765 1343 2808 Dubitari
1381 2771 1525 2809 autem
1567 2780 1652 2810 non
1688 2771 1829 2822 potest
1839 2799 1849 2820 ,
1886 2766 1989 2819 quin
2028 2765 2073 2807 in
2100 2764 2242 2807 verbis
2271 2763 2320 2805 τὸ
2354 2758 2396 2805 δ’
2426 2762 2511 2819 ἡδὺ
2540 2765 2692 2808 vitium

247 2841 420 2897 aliquod
448 2841 595 2884 lateat.
657 2840 769 2882 Nam
797 2838 1040 2895 perspicere
1069 2853 1154 2882 non
1183 2853 1432 2896 possumus,
1472 2853 1546 2883 cur
1578 2840 1769 2884 Theseus
1807 2843 1903 2894 post
1944 2839 2040 2894 ipsa
2067 2838 2143 2881 illa
2170 2837 2304 2881 verba
2332 2836 2382 2878 τὸ
2416 2836 2458 2878 δ’
2488 2833 2595 2894 ἡδύ,
2633 2839 2692 2883 ad

244 2927 368 2969 quae,
396 2915 435 2957 si
463 2909 560 2956 τόδ’
591 2908 674 2970 ἡδὺ
702 2911 931 2968 legendum
959 2917 1051 2969 est,
1091 2913 1261 2956 dativus
1306 2910 1457 2970 ἐκείνῳ
1495 2913 1676 2968 intelligi
1705 2913 1848 2967 debet,
1892 2913 2017 2967 quasi
2045 2912 2157 2956 saltu
2186 2910 2372 2967 quodam
2400 2908 2514 2954 facto
2542 2910 2600 2954 ad
2628 2913 2690 2956 in·

244 2987 482 3031 vocandum
511 2987 724 3041 Oedipum
765 2990 967 3029 transeat.
1033 2986 1212 3030 Omnem
1249 2985 1542 3030 difficultatem
1577 2987 1669 3030 tolli
1712 2999 1839 3042 posse
1878 2986 2078 3037 arbitror,
2121 2984 2160 3029 si
2195 2998 2273 3040 pro
2311 2983 2361 3026 τὸ
2395 2979 2440 3025 δ’
2468 2984 2540 3027 vel
2572 2982 2692 3039 τόδ’,
2740 3044 2743 3046 q

244 3059 359 3114 quod
387 3060 564 3115 saepius
591 3064 834 3114 corruptum
862 3059 1075 3102 invenitur
1103 3060 1148 3102 in
1177 3059 1297 3103 libris
1327 3059 1589 3116 Sophocleis,
1618 3059 1672 3101 de
1701 3072 1786 3113 qua
1811 3072 1857 3101 re
1887 3058 2104 3115 conferas,
2134 3070 2246 3113 quae
2273 3056 2331 3100 ad
2356 3055 2504 3111 Antig.
2534 3071 2575 3102 v.
2605 3059 2692 3102 480

244 3137 287 3175 et
312 3132 353 3176 h.
382 3132 411 3175 f.
442 3147 481 3175 v.
513 3132 624 3175 1135
653 3131 885 3186 attulimus,
917 3129 1010 3175 σοι’
1037 3129 1076 3186 γ’
1111 3132 1345 3175 scribimus.
1400 3132 1626 3175 Offendere
1656 3145 1740 3173 non
1768 3135 1933 3186 potest,
1964 3131 2079 3187 quod
2101 3132 2196 3186 jam
2223 3133 2268 3174 et
2296 3130 2341 3172 in
2368 3129 2544 3184 prodosi
2573 3136 2616 3175 et
2645 3133 2690 3175 in

243 3204 422 3261 apodosi
450 3219 684 3262 pronomen
714 3203 786 3249 σοὶ
815 3204 971 3260 legitur
999 3208 1146 3261 utpote
1173 3205 1217 3248 in
1246 3209 1424 3259 utraque
1453 3203 1751 3248 necessarium.
1809 3204 1947 3248 Simili
1975 3204 2101 3249 modo
2132 3203 2205 3248 σοὶ
2232 3200 2461 3259 repetitum
2490 3207 2559 3247 est
2580 3204 2687 3249 Oed.

241 3278 347 3332 Reg.
376 3292 416 3320 v.
446 3279 531 3321 379
565 3277 720 3334 Κρέων
760 3276 809 3320 δέ
838 3293 910 3322 σοι
942 3275 1058 3332 πῆμ’
1095 3275 1246 3327 οὐδὲν,
1284 3273 1382 3320 ἀλλ’
1415 3274 1549 3328 αὐτὸς
1585 3277 1637 3321 σὺ
1668 3276 1753 3320 σοί.
1811 3279 1894 3321 Pro
1925 3275 2003 3320 εἴθ
2038 3283 2200 3333 autem,
2230 3275 2345 3332 quod
2370 3274 2499 3318 Laur.
2530 3278 2582 3320 A.
2612 3291 2685 3321 ex-

241 3348 371 3406 hibet,
401 3364 496 3394 cum
526 3350 742 3407 plerisque
773 3349 1005 3394 editoribus
1037 3347 1075 3393 εἱ
1108 3346 1150 3393 δ’
1180 3349 1446 3394 scribendum
1467 3349 1560 3394 erit.
1604 3350 1755 3394 Verbis
1788 3347 1826 3394 εἰ
1855 3347 1896 3393 δ’
1932 3348 2040 3406 ἐμοῦ
2070 3347 2255 3404 στείχειν
2283 3348 2396 3403 μέτα
2426 3347 2505 3393 σοι’
2530 3344 2573 3405 γ’
2605 3346 2686 3409 ἡδὺ

2388 3417 2408 3449 2
