2972 3773
1443 115 1503 162 11

244 260 334 290 rem
364 244 428 287 ita
455 243 613 287 saetam
640 258 737 288 esse
764 245 1068 301 imaginemur,
1100 245 1193 290 sine
1224 244 1356 291 dubio
1383 245 1671 303 impellamur,
1709 246 1747 291 si
1776 244 1948 301 τυχῶν
1975 245 2284 304 scripserimus.
2361 245 2507 300 Quare
2537 258 2692 291 comeo

244 319 325 362 hoc
351 315 659 360 restituendum
693 330 803 364 esse.
864 320 1019 372 Τυχεῖν
1046 323 1191 363 autem
1220 318 1301 363 hoe
1328 318 1423 363 loeo
1449 318 1564 363 idem
1591 323 1659 364 est
1687 324 1817 375 atque
1846 323 2067 373 σιητυχεῐν
2094 318 2211 377 apud
2238 317 2442 363 Herodot.
2461 318 2524 362 IV
2524 351 2535 369 ‚
2565 319 2620 362 14
2646 318 2693 362 in

242 388 404 433 verbis:
445 385 591 445 φάντα
627 393 850 442 συντυχεῖν
887 387 938 433 τέ
975 388 1018 434 οἱ
1057 387 1170 434 ἰόντι
1198 389 1277 435 ἐπὶ
1304 389 1500 445 Κυζίκου
1530 390 1606 436 καὶ
1633 391 1681 444 ἐς
1707 387 1865 448 λόγους
1893 386 2158 437 ἀπικέσθαι.
2215 392 2415 437 Ceterum
2445 390 2551 434 mihi
2577 391 2690 435 hunc

244 461 468 518 Sophoclis
504 462 643 506 locum
681 462 957 507 emendaturo
994 462 1039 506 in
1076 468 1261 508 mentem
1297 463 1417 508 venit
1452 464 1643 509 narratio
1683 463 1739 508 de
1785 462 2045 508 Samaritani
2079 463 2392 520 misericordia,
2431 474 2544 520 quae
2575 463 2693 520 apud

244 537 346 579 Luc.
375 535 430 591 X,
458 535 516 578 30
544 549 636 590 sqq.
667 539 809 579 exstat
837 539 881 579 et
908 535 1034 580 huius
1064 536 1291 593 Sophoclei
1319 537 1402 582 loci
1430 538 1555 592 quasi
1583 536 1913 582 commentarius
1942 536 2116 592 quidam
2145 541 2224 582 est.

856 609 906 653 V.
936 609 1020 652 808
1071 607 1209 665 χωρὶς
1235 606 1287 654 τό
1315 606 1355 653 τ’
1387 607 1532 654 εἰπεῖν
1560 608 1707 654 πολλὰ
1737 609 1813 654 καὶ
1840 610 1904 654 τὰ
1933 607 2100 665 καίρια.

357 681 497 733 Quum
525 682 655 724 etiam
683 681 727 724 in
755 681 1051 726 minutissimis
1079 683 1206 726 rebus
1234 683 1381 727 critico
1409 684 1635 739 diligentia
1660 683 1905 726 adhibenda
1931 682 1999 738 sit,
2028 683 2145 726 nolui
2166 687 2309 726 tacere
2337 683 2440 726 mihi
2463 684 2559 739 jam
2587 683 2691 727 olim

245 754 534 800 necessarium
567 754 706 798 visum
735 768 832 799 esse
862 769 939 812 pro
970 755 1023 798 τὰ
1053 756 1207 810 καίρια
1249 755 1433 800 scribere
1464 755 1513 798 τὸ
1547 756 1724 810 καίρια,
1771 756 1885 811 quod
1914 755 1981 799 his
2010 755 2181 799 demum
2209 755 2360 799 diebus
2386 756 2573 812 comperi
2595 755 2692 811 jam

245 830 346 874 olim
368 844 395 873 a
422 828 658 883 Brunckio‚
688 827 769 871 hac
799 841 900 871 vero
929 832 1072 871 aetate
1101 829 1156 872 ab
1185 828 1408 885 Hartungo
1444 830 1488 872 in
1517 834 1681 873 textum
1710 834 1930 885 receptum
1958 833 2001 872 et
2030 841 2058 871 a
2087 828 2305 872 Meinekio
2335 829 2566 872 secundum
2596 829 2691 873 Sui·

246 905 330 948 dae
367 900 655 946 testimonium
697 900 1038 944 commendatum
1079 914 1188 946 esse.
1257 903 1437 945 Prorsus
1476 902 1629 945 similis
1668 903 1787 946 locus
1827 902 1986 956 legitur
2024 901 2141 958 apud
2166 900 2321 945 Aesch.
2351 902 2487 945 From,
2514 916 2555 947 v.
2585 902 2692 945 931:

245 979 353 1023 ὅσον
386 973 436 1021 τό
473 971 516 1019 τ’
548 972 700 1029 ἰίρχειν
728 974 803 1018 καὶ
833 973 885 1017 τό
917 971 1138 1018 δουλεύειν
1167 971 1283 1028 δίχα.
1341 975 1626 1019 Vehementer
1662 980 1805 1019 autem
1840 975 2019 1019 miratus
2057 987 2172 1030 sum,
2214 974 2329 1029 quod
2366 974 2612 1019 Dindorfms
2648 980 2692 1019 et

243 1052 468 1099 Nauckius
497 1047 692 1093 lectionis
720 1047 1020 1092 Brunckianae
1050 1046 1100 1091 τὸ
1129 1045 1284 1105 καίρια
1341 1062 1395 1092 ne
1425 1049 1682 1093 mentionem
1711 1048 1883 1105 quidem
1913 1049 2117 1093 fecerunt.
2164 1047 2267 1091 Sine
2296 1047 2426 1091 dubio
2454 1047 2499 1090 in
2530 1049 2688 1093 talibus

243 1128 371 1172 rebus
408 1121 688 1179 congruentia
726 1125 855 1174 atque
893 1122 1156 1164 concinnitas
1192 1123 1399 1164 sermonis
1435 1123 1531 1176 plus
1570 1123 1697 1164 debet
1732 1124 1877 1165 valere
1907 1136 2037 1176 quam
2066 1122 2137 1164 vel
2166 1121 2301 1176 ipsius
2331 1120 2464 1164 codic.
2493 1122 2619 1165 Laur.
2649 1124 2687 1165 A

244 1199 488 1246 auctoritas.
548 1195 695 1238 Cuivis
724 1194 997 1250 perspicuum
1025 1194 1105 1237 erit
1134 1194 1239 1236 nihil
1268 1194 1437 1237 facilius
1466 1195 1558 1237 fieri
1586 1196 1789 1251 potuisse,
1823 1209 1951 1250 quarn
1972 1199 2019 1237 ut
2049 1194 2248 1238 librarius
2271 1193 2324 1236 τὰ
2346 1208 2423 1249 pro
2442 1193 2491 1236 τὸ
2515 1195 2689 1250 legeret.

742 1267 793 1312 V.
814 1267 896 1310 813
953 1265 1233 1323 μαρτύρομαι
1265 1265 1413 1318 τούςδ’
1447 1266 1507 1312 οὗ
1535 1268 1594 1312 σὲ
1623 1270 1758 1325 πρὸς
1789 1268 1843 1312 δὲ
1874 1268 1975 1319 τοὺς
2003 1267 2161 1326 φίλους

962 1335 1029 1382 οἷ’
1062 1339 1389 1394 ἆνταμείβει
1423 1340 1600 1397 ῥήματ’,
1630 1337 1680 1398 ἤν
1709 1342 1751 1384 σ’
1784 1342 1869 1384 ἕλω
1897 1342 2021 1385 ποτέ.

356 1422 471 1463 Inter
502 1416 774 1460 difficillimos
800 1414 925 1456 huius
953 1414 1202 1468 tragoediae
1230 1415 1344 1457 locos
1373 1428 1522 1458 versus
1551 1415 1633 1458 813
1654 1420 1696 1458 et
1717 1415 1803 1458 814
1830 1414 2041 1458 referendi
2061 1420 2170 1470 sunt,
2201 1412 2274 1469 qui
2302 1412 2358 1456 ab
2387 1412 2687 1469 interpretibus

242 1491 534 1539 diversissima
568 1489 731 1531 ratione
761 1493 804 1529 et
832 1487 1049 1529 constituti
1077 1493 1177 1529 sunt
1205 1494 1247 1529 et
1276 1487 1492 1543 explicati.
1540 1489 1664 1530 Laur.
1694 1490 1733 1530 A
1763 1488 1920 1531 codicis
1950 1488 2206 1542 scripturam
2235 1499 2367 1542 supra
2399 1485 2689 1541 exhibuimus3

242 1565 473 1612 notandum
501 1576 603 1605 vero
632 1564 698 1604 est
727 1560 771 1602 in
799 1559 962 1614 aliquot
992 1559 1112 1603 libris
1144 1555 1257 1613 πρός
1285 1576 1331 1614 γε
1360 1574 1437 1616 pro
1473 1559 1588 1615 πρὸς
1618 1559 1667 1602 δὲ
1697 1565 1879 1604 exstare.

369 1636 549 1693 Scripsit
578 1633 871 1688 Musgravius:
914 1629 1199 1688 μαρτύρομαι
1228 1628 1395 1684 τούςδ’,
1425 1629 1476 1677 οὗ
1506 1630 1574 1690 oe„
1603 1629 1718 1689 πρός
1745 1649 1792 1689 γε
1821 1632 1922 1684 τοὺς
1949 1632 2105 1690 φίλους

914 1699 977 1749 οἷ’
1008 1702 1250 1764 ἇνταμείβῃ
1279 1702 1468 1763 ῥήματ’·
1498 1700 1549 1763 ἢν
1579 1702 1625 1749 δ’
1657 1705 1741 1749 ἕλω
1773 1705 1883 1749 ποτὲ
1913 1730 1969 1738 -

576 1779 837 1823 Brunckius:
905 1776 1186 1834 μαρτύρομαι
1221 1775 1387 1830 τούςδ’,
1420 1775 1472 1822 οὗ
1503 1777 1565 1830 σὲ,
1594 1778 1707 1833 πρός
1736 1794 1784 1834 γε
1815 1778 1916 1829 τοὺς
1945 1777 2105 1836 φίλους

908 1845 969 1893 οἷ’
1002 1847 1256 1905 ἂνταμείβει
1286 1846 1466 1907 ῥήματ’.
1497 1847 1548 1907 ἢν
1577 1846 1623 1894 o'
1656 1851 1742 1894 ἕλω
1771 1850 1884 1894 ποτὲ
1912 1875 1968 1882 -

576 1925 812 1979 Reisigius:
906 1922 1186 1978 μαρτύρομαι
1216 1919 1381 1974 tons-6²,
1413 1915 1465 1966 οὗ
1495 1918 1559 1975 οὔ,
1590 1922 1705 1979 πρὸς
1735 1922 1795 1970 δέ,
1826 1924 1928 1975 τοὺς
1957 1923 2118 1980 φίλους

907 1990 969 2038 οἷ’
1007 1992 1263 2049 ἆνταμείβει
1293 1991 1472 2052 ῥήματ’,
1501 1991 1555 2052 ἧύ
1588 1992 1631 2038 σ’
1663 1994 1750 2039 ἕλω
1779 1997 1902 2039 ποτέ.

579 2072 869 2114 Hermannus:
909 2065 1191 2124 μαρτύρομαι
1220 2064 1381 2118 τούςὸ’,
1413 2065 1462 2111 οὐ
1493 2067 1556 2112 σέ.
1599 2069 1716 2125 πρὸς
1746 2068 1793 2111 δὲ
1823 2068 1925 2119 τοὺς
1955 2066 2116 2125 φίλους

908 2137 970 2185 οἷ’
1001 2138 1255 2195 ἆνταμείβει
1288 2136 1468 2196 ῥήματ’,
1502 2134 1554 2197 ι’]’ν
1583 2137 1629 2184 α’
1661 2140 1745 2184 ἕλω
1778 2141 1902 2196 ποτέ,

579 2217 794 2260 Halmius:
907 2210 1186 2271 μαρτύρομαι
1216 2208 1382 2269 τούςδ’,
1413 2207 1491 2264 οὓς
1521 2212 1575 2256 σὺ
1605 2211 1793 2269 πρόσθε,
1825 2214 1928 2265 τοὺς
1956 2215 2116 2270 φίλους

908 2287 980 2344 (de
1010 2288 1144 2330 altero
1173 2300 1299 2329 versu
1329 2286 1433 2328 mihi
1466 2300 1551 2329 non
1582 2292 1760 2343 constat,
1790 2287 1893 2342 quid
1924 2287 2118 2330 Halmius
2148 2286 2359 2339 statuerit>

580 2364 849 2416 Hartuugus:
906 2358 1186 2414 μαρτύρομαι
1217 2355 1381 2409 τούςό),
1412 2353 1490 2410 οὓς
1518 2359 1570 2402 σὺ
1601 2356 1865 2416 mnf-oum,
1899 2358 2069 2416 φίλους,

908 2427 970 2477 οἷ’
1005 2429 1258 2486 ἆνταμείβει
1294 2429 1472 2488 ῥήματ’,
1503 2427 1556 2490 ἤν
1585 2427 1629 2476 0³
1661 2431 1747 2475 ἕλω
1779 2434 1901 2477 ποτέ.

579 2508 845 2552 Dindorfius:
907 2502 1189 2561 μαρτύρομαι
1217 2503 1384 2555 vous-6³,
1417 2501 1513 2559 οὐχὶ
1545 2502 1607 2557 0³,
1637 2501 1687 2557 ὃς
1717 2503 1870 2561 γνώσει
1897 2503 2057 2563 φίλους

908 2573 970 2621 οἷ’
1003 2573 1256 2632 ἀνταμείβει
1287 2574 1463 2635 ῥήματ’,
1493 2573 1546 2635 ἦν
1576 2575 1619 2622 0³
1654 2578 1739 2622 ἕλω
1769 2576 1894 2622 ποτέ.

580 2654 813 2710 Bergkius:
907 2650 1194 2707 μαρτύρομαι
1227 2648 1390 2702 τοὺςδ’,
1420 2646 1471 2694 οὐ
1502 2651 1564 2707 σε’,
1594 2650 1707 2707 πρὸς
1736 2650 1797 2702 δέ,
1827 2649 1927 2702 τοὺς
1955 2647 2125 2707 φίλους,

907 2717 966 2767 οἷ’
1000 2720 1243 2782 ἄνταμείβῃ
1273 2719 1436 2782 ῥήματ’
1454 2737 1463 2746 ·
1494 2718 1545 2782 ἦν
1573 2721 1616 2768 σ’
1651 2723 1737 2767 ἕλω
1767 2724 1878 2768 ποτέ
1908 2748 1964 2753 -

579 2802 841 2847 Meinekius:
909 2796 1188 2854 μαρτύρομαι
1218 2821 1274 2827 -
1303 2792 1450 2848 mvl-915³
1482 2793 1587 2851 οὐχί,
1616 2796 1734 2851 πρὸς
1763 2795 1812 2839 δὲ
1841 2796 1942 2847 τοὺς
1971 2794 2130 2853 φίλους

907 2867 970 2916 οἷ’
1004 2867 1271 2929 ἀνταμείψει
1305 2867 1478 2929 ῥήματ’,
1507 2865 1560 2929 ἢν
1589 2867 1633 2914 c'
1662 2868 1747 2912 ἕλω
1777 2870 1898 2914 ποτέ.

580 2949 797 3002 Engcrusz
911 2944 1196 3000 μαρτύρομαι
1223 2941 1385 2996 τούςὸ’,
1418 2936 1500 2986 ὧδ’
1528 2941 1682 2996 ἔχοντα
1714 2944 1974 3000 προςφιλῶς

909 3012 971 3061 οἷ’
1006 3014 1263 3072 ἄνταμείβει
1295 3013 1470 3075 ῥήματ’,
1499 3011 1549 3074 ἦν
1577 3013 1622 3058 σ’
1656 3014 1742 3057 ἕλω
1774 3015 1897 3065 ποτέ,
1953 3049 1962 3057 .

354 3098 550 3142 Proiecto
579 3099 640 3137 tot
669 3097 979 3150 proposuerunt
1006 3091 1086 3134 viri
1126 3090 1239 3134 docti
1274 3090 1562 3144 conjecturas,
1600 3094 1647 3131 ut
1677 3093 1830 3144 putare
1859 3089 2000 3145 possis
2030 3103 2127 3133 esse
2150 3091 2247 3146 jam
2275 3090 2385 3134 inter
2413 3090 2509 3134 illas
2539 3105 2685 3135 veram

243 3184 381 3226 neque
421 3169 652 3226 quidquam
690 3167 812 3209 nobis
852 3172 1036 3219 restare,
1086 3178 1212 3218 quam
1242 3169 1288 3206 ut
1316 3163 1456 3216 illam,
1509 3175 1620 3216 quae
1650 3167 1814 3205 tantum
1844 3177 1929 3205 una
1978 3177 2075 3207 esse
2104 3163 2281 3219 poterit,
2331 3163 2551 3218 eligamus.
2627 3165 2686 3208 At

242 3244 287 3287 in
327 3250 418 3288 arte
458 3236 607 3287 critica
644 3241 757 3283 idem
796 3239 905 3283 solet
932 3237 1122 3291 evenire,
1166 3235 1279 3291 quod
1307 3236 1352 3278 in
1380 3234 1602 3278 medicina.
1661 3236 1755 3288 Quo
1785 3236 2061 3279 inveteratior
2094 3237 2283 3290 morbus,
2328 3249 2379 3279 eo
2417 3236 2685 3292 desperatior

243 3331 377 3372 eoque
417 3318 541 3372 plura
580 3316 635 3357 ab
673 3314 849 3356 medicis
889 3311 1139 3367 saepissime
1178 3310 1334 3353 frustra
1373 3310 1566 3353 adhibita
1607 3316 1703 3353 sunt
1740 3310 1940 3353 remedia.
1999 3309 2116 3352 Nihil
2145 3322 2246 3352 vero
2275 3309 2319 3352 in
2347 3308 2561 3353 medicina
2589 3310 2686 3367 plus

2351 3376 2400 3412 2*
