2972 3773
253 429 403 506 Quum
435 459 603 513 collega
631 464 775 502 noster
804 458 1153 502 honoratissimus
1184 464 1227 500 et
1255 457 1525 500 doctissimus
1545 457 1642 500 Joh.
1671 457 1800 500 Gottl.
1829 457 2049 513 Zetzsche,
2077 457 2293 513 professor
2322 457 2500 501 illustris
2524 471 2703 514 gymna-

251 532 305 575 sii
338 531 704 586 Altenburgensis,
734 532 814 573 hoc
847 536 1038 586 tempore
1072 531 1318 572 valetudine
1352 530 1415 572 ita
1449 536 1564 572 esset
1592 530 1881 585 praepeditus,
1918 537 1964 573 ut
1984 545 2093 585 eam,
2128 545 2256 584 quam
2275 531 2561 586 inchoaverat,
2593 545 2703 574 com-

250 604 553 648 mentationem
581 604 638 647 ad
666 605 794 648 finem
823 619 908 648 non
937 608 1086 659 posset
1113 604 1359 660 perducere,
1389 617 1440 647 eo
1462 603 1673 647 lubentius
1695 603 1904 659 equidem,
1934 602 2130 659 quamvis
2160 602 2387 648 admodum
2405 617 2570 661 paucae
2601 603 2702 648 heb-

251 677 456 722 domades
485 677 587 721 anni
616 678 860 722 scholastici
891 677 1082 733 reliquae
1112 681 1269 733 essent,
1303 676 1383 721 hoc
1404 676 1592 722 solemne
1613 676 1827 721 scribendi
1848 691 2000 722 munus
2021 677 2202 734 suscepi,
2234 677 2347 734 quod
2375 677 2456 722 hac
2476 678 2701 723 occasione

251 752 396 795 oblata
424 752 529 794 mihi
558 752 927 795 observationibus
957 752 1042 795 illis
1070 751 1228 795 criticis
1256 751 1301 794 in
1330 750 1554 806 Sophoclis
1574 751 1834 806 Antigonam
1865 757 1908 794 et
1928 752 2139 808 Oedipum
2161 752 2322 807 Regem
2348 752 2565 807 superiore
2587 765 2700 795 anno

252 824 379 868 editis
408 838 543 869 novas
576 825 744 881 aliquas
769 825 864 882 jam
891 825 936 868 in
961 824 1153 882 ejusdem
1183 828 1337 881 poetae
1366 823 1578 879 Oedipum
1603 824 1835 868 Coloneum
1864 825 2021 868 licebat
2049 825 2219 868 addere.

363 898 543 941 Videtur
571 904 714 941 autem
749 899 887 954 hodie,
916 903 1143 955 postquam
1171 903 1234 941 tot
1263 897 1500 941 doctissimi
1529 898 1610 941 viri
1638 911 1770 954 saepe
1799 898 1957 941 frustra
1986 911 2159 954 operam
2190 899 2233 940 in
2262 897 2419 941 fabulis
2448 897 2698 953 Sophocleis

251 971 529 1015 emendandis
557 977 881 1015 consumserunt
894 971 938 1027 1),
970 986 1086 1027 sane,
1114 976 1160 1014 ut
1181 970 1350 1013 Horatii
1375 970 1517 1014 verbis
1546 975 1653 1027 utar,
1682 988 1783 1027 opus
1813 984 1909 1014 esse
1934 972 2100 1025 plenum
2129 973 2239 1013 aleae
2268 983 2403 1014 novas
2433 970 2699 1025 conjecturas

251 1043 295 1086 in
325 1043 424 1088 illas
456 1044 702 1100 tragoedias
732 1045 777 1088 in
809 1044 995 1088 medium
1023 1044 1224 1100 proferre.
1295 1044 1352 1086 At
1381 1044 1475 1098 quis
1506 1043 1661 1099 nescit,
1692 1044 1947 1100 praesertim
1977 1057 2031 1086 ex
2062 1057 2145 1099 quo
2176 1043 2320 1087 codice
2350 1044 2478 1086 Laur.
2506 1044 2545 1086 A
2574 1057 2698 1086 accu-

250 1116 384 1161 ratius
417 1117 570 1161 collato
596 1122 749 1174 poetae
777 1118 918 1162 verbis
947 1118 1070 1174 quasi
1090 1131 1247 1161 novum
1267 1116 1589 1160 fundamentum
1610 1117 1823 1173 quoddam
1846 1117 2106 1160 substratum
2128 1122 2205 1173 est,
2235 1117 2425 1160 carmina
2444 1117 2519 1159 illa
2532 1117 2698 1173 Judicio

250 1189 468 1234 doctorum
506 1190 692 1234 omnium
729 1196 918 1235 aetatum
956 1192 1171 1234 hominum
1207 1190 1510 1247 probatissima
1539 1190 1676 1233 adhuc
1704 1190 1937 1233 innumeris
1965 1190 2144 1234 maculis
2183 1191 2450 1234 librariorum
2482 1191 2609 1245 culpa
2637 1191 2697 1232 in-

251 1263 427 1319 quinata
456 1277 552 1308 esse
568 1264 635 1317 2)?
685 1263 779 1316 Quo
809 1264 903 1320 quis
937 1264 1068 1320 igitur
1086 1264 1249 1308 acriore
1270 1264 1495 1320 Sophoclis
1526 1277 1669 1306 amore
1699 1263 1865 1319 flagrat,
1898 1277 1948 1306 eo
1973 1264 2200 1320 Justiorem
2230 1269 2272 1306 et
2298 1263 2413 1319 apud
2441 1277 2488 1307 se
2517 1268 2560 1306 et
2579 1263 2698 1319 apud

249 1337 358 1381 alios
396 1338 716 1382 excusationem
746 1339 941 1395 habebit,
986 1339 1022 1382 si
1051 1338 1191 1382 alieno
1222 1337 1450 1382 infortunio
1481 1348 1566 1381 non
1594 1337 1821 1381 deterritus
1838 1339 1894 1392 ³),
1940 1344 2143 1393 quantum
2174 1337 2258 1395 ipsi
2287 1337 2407 1394 licet,
2443 1338 2488 1380 in
2515 1337 2698 1394 pristina

250 1411 375 1456 huius
406 1413 738 1468 praeclarissimi
775 1418 929 1470 poetae
970 1413 1103 1457 verba
1130 1426 1294 1457 summo
1322 1412 1463 1457 studio
1492 1412 1705 1468 inquirere
1733 1413 1888 1468 pergit.
1947 1412 2087 1468 Atque
2122 1425 2251 1468 quum
2280 1425 2404 1456 nemo
2435 1411 2585 1455 horum
2613 1416 2699 1455 stu·

249 1485 415 1528 diorum
445 1486 627 1530 exsistat
656 1488 830 1542 amicus,
861 1487 975 1542 quin,
1005 1491 1048 1529 et
1077 1486 1116 1529 si
1145 1500 1275 1529 unum
1305 1490 1470 1529 tantum
1500 1486 1725 1542 Sophoclis
1754 1487 1893 1530 locum
1921 1486 2060 1529 adhuc
2089 1486 2369 1542 depravatum
2400 1486 2445 1528 in
2473 1486 2700 1542 pristinam

249 1559 539 1613 integritatem
568 1559 713 1603 videat
742 1561 995 1615 restitutum,
1025 1564 1114 1603 toto
1144 1564 1315 1615 pectore
1344 1558 1531 1615 gaudeat
1558 1563 1687 1614 atque
1715 1559 1899 1604 laetetur
1914 1561 1960 1614 4),
1990 1560 2172 1603 fortasse
2200 1559 2305 1602 mihi
2326 1572 2494 1615 quoque
2523 1571 2698 1615 sperare

251 1630 348 1674 licet
378 1646 553 1687 operam
583 1647 610 1676 a
641 1647 708 1677 me
741 1633 785 1677 in
814 1632 1026 1688 Sophocle
1055 1632 1242 1689 positam
1268 1631 1417 1687 aequis
1441 1631 1657 1688 judicibus
1687 1632 1803 1676 haud
1829 1645 2003 1689 prorsus
2039 1631 2251 1688 ingratam
2286 1632 2390 1676 sore.

837 1728 885 1772 V.
913 1728 939 1771 9
998 1723 1117 1784 ἀλλ’,
1147 1721 1182 1771 ὦ
1212 1726 1386 1780 τέκνον,
1422 1728 1699 1772 θάκοισιν
1734 1724 1781 1772 εἶ’
1808 1745 1907 1772 τινα
1947 1727 2132 1783 βλέπεις

997 1795 1024 1857 ἢ
1054 1800 1170 1857 πρὸς
1192 1799 1459 1858 βεβήλοις
1490 1798 1518 1858 ἢ
1546 1800 1663 1858 πρὸς
1696 1797 1877 1845 ἄλσεσιν
1905 1803 2037 1856 θεῶν,

998 1870 1158 1931 στῆσόν
1185 1890 1241 1929 με
1271 1871 1548 1931 κᾶξίδρυσον.
1972 1874 1978 1877 ’

362 1958 540 2000 Multum
568 1958 731 2012 negotii
760 1957 803 2000 hi
833 1970 982 2000 versus
1011 1957 1312 2012 interpretibus
1342 1958 1395 2000 ob
1425 1957 1616 2001 dativum
1644 1956 1859 2002 θάκοισιν
1894 1958 2218 2002 facessiverunt.
2276 1959 2388 2001 Nam
2409 1959 2503 2014 jam
2531 1958 2696 2014 pridem

251 2036 293 2073 et
316 2031 414 2087 jure
445 2030 617 2084 quidem
645 2031 825 2085 explosa
850 2035 916 2074 est
945 2032 1158 2075 sententia
1187 2044 1354 2087 eorum,
1391 2030 1464 2086 qui
1492 2035 1538 2074 ut
1567 2029 1808 2075 Brunckius
1836 2030 1948 2075 hunc
1978 2032 2117 2075 locum
2145 2036 2383 2075 vertera-nt:
2423 2033 2460 2074 si
2486 2047 2601 2089 quem
2627 2033 2695 2073 Ιιο-

250 2106 397 2148 minem
424 2106 534 2146 vides
564 2104 625 2146 vel
645 2105 834 2160 profana
864 2106 906 2147 in
937 2105 1084 2147 exedra
1115 2106 1324 2148 sedentem.
1412 2104 1563 2160 Neque
1592 2103 1706 2147 enim
1732 2103 1786 2148 de
1816 2103 1985 2149 homine
2015 2109 2081 2149 est
2110 2118 2250 2155 sermo
2260 2139 2270 2161 ,
2306 2103 2383 2149 sed
2411 2103 2464 2149 de
2490 2104 2615 2162 sede,
2650 2105 2695 2149 in

250 2192 336 2233 qua
365 2176 530 2233 Oedipo
561 2176 711 2220 itinere
738 2177 852 2221 fesso
882 2177 1149 2232 requiescere
1179 2177 1318 2222 liceat.
1375 2178 1565 2221 Fuerunt
1593 2182 1736 2221 autem
1766 2178 1853 2234 alii,
1880 2179 1953 2234 qui
1985 2184 2031 2222 ut
2050 2178 2279 2234 Elmslejus
2299 2177 2509 2222 θάκοισιν
2528 2175 2555 2236 ἢ
2577 2179 2696 2234 πρὸς

249 2250 468 2307 βεβήλοις,
499 2246 546 2292 εἴ
569 2267 666 2292 τινα
697 2253 842 2293 θᾶκον
868 2250 1050 2305 βλέπεις
1079 2255 1372 2294 construerent
1399 2252 1470 2294 vel
1498 2264 1593 2295 cum
1612 2251 1803 2307 Reisigio
1834 2250 2045 2296 θάκοισιν
2068 2249 2127 2303 ὡς
2157 2248 2424 2302 πυθοίμεθα
2449 2251 2694 2307 jungerent.

249 2322 501 2367 Rectissime
535 2336 636 2365 vero
666 2324 716 2366 G.
744 2324 1012 2367 Hermannus
1051 2324 1161 2366 hanc
1199 2329 1422 2379 utramque
1462 2324 1733 2367 construendi
1763 2325 1970 2368 rationem
1999 2324 2264 2379 improbavit.
2318 2323 2438 2366 Nihil
2464 2324 2595 2379 igitur
2626 2339 2695 2368 re·

250 2397 359 2439 stitit
387 2397 471 2437 nisi
497 2400 682 2437 statuere
710 2393 920 2438 θάκοισιν
951 2411 1005 2438 ex
1035 2397 1119 2438 alio
1149 2398 1279 2439 verbo
1308 2402 1552 2452 corruptum
1580 2411 1688 2440 esse.
1736 2398 1873 2440 Huius
1903 2398 2115 2452 opinionis
2143 2399 2232 2439 fere
2261 2410 2408 2440 omnes
2435 2397 2695 2442 recentiores

250 2468 436 2512 editores
471 2467 639 2510 fuerunt
674 2468 783 2511 mira
823 2469 1050 2512 concordia
1086 2468 1269 2512 Seidleri
1308 2469 1580 2525 conjecturae
1612 2466 1808 2525 θάκησιν
1851 2469 2029 2513 assensi.
2100 2469 2366 2524 Quamquam
2410 2469 2563 2526 negari
2609 2484 2696 2514 non

250 2545 393 2597 potest
421 2541 591 2585 nomine
613 2540 803 2598 θάκησιν
825 2542 1080 2585 sententiam
1100 2542 1229 2598 plane
1251 2541 1615 2585 accommodatam
1645 2541 1769 2597 effici,
1800 2546 1943 2586 tamen
1972 2542 2141 2587 omnino
2161 2555 2246 2586 non
2276 2546 2455 2598 constat,
2485 2557 2588 2586 num
2604 2557 2694 2587 um-

251 2628 379 2669 quam
408 2614 583 2658 Graecis
622 2614 737 2658 istud
765 2614 1077 2658 substantivum
1105 2613 1300 2671 θάκησις
1337 2615 1382 2657 in
1406 2628 1486 2657 usu
1515 2615 1652 2658 fuerit.
1707 2615 1819 2658 Nam
1846 2615 1951 2658 illud
1980 2613 2241 2670 ἑνθάκησις,
2280 2615 2395 2669 quod
2429 2616 2540 2659 Phil.
2570 2631 2610 2660 v.
2645 2618 2696 2660 19

395 2738 423 2781 ¹)
448 2737 667 2773 Rectissime
694 2738 740 2773 de
764 2737 835 2773 hac
860 2749 900 2773 re
926 2737 1144 2784 Spengelius
1159 2736 1292 2772 Philol.
1317 2737 1386 2774 vol.
1404 2736 1512 2782 XIX,
1536 2749 1573 2783 p.
1591 2741 1680 2774 437:
1706 2737 1792 2773 Wer
1819 2736 1878 2773 dic
1903 2736 2124 2774 Geschichte
2149 2737 2214 2773 des
2233 2736 2548 2784 Sophokleischen
2562 2739 2697 2778 Textes

251 2796 290 2830 in
317 2795 453 2831 diesem
476 2794 731 2831 Jahrhundert
756 2794 871 2831 kennt
896 2795 973 2831 und
996 2793 1258 2843 grossentheils
1281 2793 1348 2831 mit
1371 2794 1489 2832 erlebt
1512 2793 1593 2841 hat,
1630 2794 1733 2831 weiss
1764 2794 1859 2830 auch
1896 2795 1969 2831 den
1994 2794 2241 2832 Unterschied
2265 2805 2338 2831 von
2363 2795 2460 2832 einst
2483 2797 2561 2833 und
2580 2798 2697 2845 jetzt3

249 2852 447 2897 yearbeitet
474 2853 602 2888 warde
629 2852 712 2897 viel,
736 2863 934 2897 qewonnen
957 2853 1084 2898 weniy.

390 2912 422 2954 ²)
445 2909 550 2945 Idem
575 2909 794 2956 Spengelius
819 2909 842 2944 l.
869 2910 911 2947 1.:
938 2922 977 2946 es
1001 2910 1065 2946 hat
1089 2909 1167 2945 sich
1190 2908 1411 2944 inzwischen
1434 2908 1674 2955 festgestellt,
1705 2910 1796 2942 dass
1824 2910 1893 2942 der
1917 2910 2008 2943 Text
2038 2909 2122 2943 weit
2143 2910 2305 2953 weniyer
2326 2911 2409 2946 rein
2433 2911 2601 2947 erhalten
2627 2914 2693 2955 sei,

251 2967 311 3001 ale
334 2980 421 3002 man
443 2968 594 3001 vordem
617 2968 777 3009 qlaaecbte.

391 3026 419 3067 ³)
444 3024 541 3061 Sane
566 3023 750 3060 deterrere
774 3027 938 3070 possunt,
964 3033 1059 3070 quae
1077 3021 1294 3070 Spengelius
1321 3020 1378 3057 l.l.
1406 3020 1452 3056 de
1476 3019 1635 3057 Nauckii
1659 3020 1881 3066 conjecturis
1914 3021 2038 3067 palam
2061 3020 2271 3068 profitetur:
2303 3023 2383 3058 Von
2407 3024 2477 3059 den
2501 3025 2606 3060 mehr
2630 3027 2689 3062 ale

251 3080 410 3117 hundcrt
440 3081 692 3126 Vorsehlctqen
711 3081 875 3116 Nauck-‘⁸
899 3082 998 3116 kann
1024 3081 1082 3116 ich
1102 3092 1172 3115 nur
1197 3081 1276 3115 eine
1300 3079 1527 3123 Acaderaemq
1544 3079 1621 3122 fiir
1643 3078 1777 3124 riehtiq
1800 3079 1927 3112 halten
1954 3080 2065 3123 (wohl
2089 3080 2193 3115 nieht
2216 3081 2422 3128 deswegen,
2448 3082 2530 3117 weil
2554 3083 2613 3117 ich
2638 3084 2691 3120 sie

253 3137 376 3183 lang-st
402 3138 517 3173 selbst
542 3138 713 3185 gemacht
734 3138 864 3180 hatte),
888 3138 1047 3173 niimlich
1072 3138 1114 3173 O.
1135 3136 1174 3173 O.
1197 3141 1263 3172 654
1291 3135 1327 3179 μ’
1349 3136 1444 3181 ὁρᾶν
1465 3136 1527 3171 fiir
1548 3148 1595 3182 με
1622 3136 1728 3182 δρᾶν.

390 3196 424 3237 ⁴)
449 3195 508 3231 Sic
535 3195 752 3241 Spengelius
777 3196 801 3229 l.
830 3196 854 3230 1.
878 3207 915 3240 p.
942 3199 1007 3231 438
1032 3195 1078 3230 de
1102 3194 1313 3240 conjectura
1335 3192 1400 3228 illa.
1423 3205 1447 3228 a
1471 3192 1646 3240 Machlyo
1669 3192 1708 3227 in
1732 3193 1775 3228 O.
1801 3192 1841 3228 C.
1868 3205 1903 3229 v.
1921 3197 1983 3229 321
2012 3193 2201 3241 proposita
2224 3193 2372 3240 gavisus
2395 3198 2453 3230 est
2475 3194 2531 3230 his
2554 3195 2691 3233 additis

250 3249 392 3287 verbis:
422 3252 481 3286 cin
505 3252 666 3295 einziqcr
689 3252 835 3287 sole-ker
854 3253 974 3296 Fund,
1001 3263 1042 3286 er
1064 3252 1214 3294 lcomme,
1238 3262 1305 3285 von
1321 3261 1412 3286 wem
1436 3261 1476 3285 er
1494 3250 1615 3292 wolle,
1642 3250 1784 3294 erfrcut
1800 3251 1879 3286 und
1901 3251 2130 3296 entechoedigyt
2145 3251 2220 3295 fiir
2235 3251 2393 3286 Imndert
2407 3251 2694 3297 Mieeqeburten.
