2972 3773
1475 178 1504 225 5

842 312 892 356 V.
921 312 978 356 45
1031 307 1142 356 ὥστ’
1175 307 1254 366 οὐχ
1282 310 1416 368 ἕδρας
1443 313 1538 369 γῆς
1564 305 1689 369 τῆςδ)
1721 305 1776 354 ἂν
1804 304 2033 363 ἔξέλθοιμ’
2067 305 2147 352 ἔτι.

373 384 557 444 Primus,
585 385 659 443 qui
686 384 732 430 in
761 384 1031 430 substantivo
1060 387 1140 444 γῆς
1169 385 1417 443 offenderet,
1447 384 1720 442 Musgravius
1745 383 1837 440 fuit,
1867 382 1941 439 qui
1970 382 2028 427 ad
2054 382 2166 427 hunc
2184 383 2326 428 locum
2347 381 2573 427 adnotavit
2593 381 2723 427 haec:

261 462 327 517 γῆ
340 476 361 510 ς
391 461 492 517 quid
516 459 581 502 laic
599 461 750 516 faciat,
779 475 861 502 non
889 461 1003 503 video
1035 460 1276 516 leym-imque
1300 462 1438 516 potius
1471 475 1540 515 γε.
1597 458 1687 502 Alii
1721 460 1800 514 γῆς
1838 455 2010 511 quidem
2039 458 2093 500 'et
2120 456 2205 512 ipsi
2235 460 2479 512 corruptum
2509 468 2606 500 esse
2634 456 2722 499 exi·

261 532 556 588 stimaverunt,
588 531 667 576 sed
696 545 774 588 pro
810 548 857 585 γε
885 531 1123 587 Musgravii
1153 531 1200 575 ἐκ
1229 537 1553 589 proposuerunt.
1610 532 1705 574 Hac
1732 535 1875 574 aetate
1904 531 1955 574 A.
1986 529 2207 573 Nauckius
2237 543 2322 573 non
2353 531 2454 586 γῆς,
2484 528 2562 573 sed
2589 528 2725 583 ἕδρας

262 604 546 661 depravatum
575 617 672 649 esse
702 605 947 660 suspicatus
977 609 1064 660 est,
1104 618 1233 659 quum
1265 604 1456 661 Oedipus
1488 604 1635 648 sedem
1665 603 1836 659 quidem
1867 617 2009 657 suam,
2049 608 2093 645 et
2131 601 2303 657 quidem
2332 601 2586 645 brevissimo
2616 606 2720 644 tem-

261 690 368 734 pore
397 677 635 734 interjecto,
664 691 803 733 neque
833 691 935 721 vero
965 678 1072 722 fines
1101 678 1268 722 Atticos
1298 678 1523 733 relinquat.
1582 678 1725 729 Quare
1756 676 1940 731 conjecit
1969 676 2035 718 vir
2063 676 2136 718 ille
2165 675 2435 718 doctissimus
2465 675 2722 731 Sophoclem

262 745 325 799 ὡς
353 745 432 803 οὐχ
461 747 573 794 ἑκών
603 753 682 807 γῆς
714 750 951 806 scripsisse.
996 751 1257 806 Dindorfius,
1285 756 1332 794 ut
1353 752 1448 806 jam
1463 751 1704 794 Erfurdtius
1735 756 1778 793 et
1798 751 2082 804 Hmmannus,
2113 751 2191 806 γῆς
2218 749 2347 805 τῆςδε
2367 749 2559 791 defendit
2587 751 2721 792 allato

262 835 390 867 versu
438 823 538 866 Eur.
582 824 733 867 Helen.
775 824 879 879 797,
924 824 998 878 qui
1041 824 1115 867 vix
1160 838 1255 867 cum
1298 825 1378 868 hoc
1410 825 1646 880 Sophocleo
1690 823 1931 880 comparari
1972 822 2141 878 poterit.
2211 823 2431 865 Postremo
2476 822 2719 865 Meinekius

262 896 501 940 rectissime
529 897 767 951 Musgravii
791 896 1002 952 judicium
1031 897 1098 940 his
1131 897 1274 941 verbis
1294 898 1570 940 sustentavit:
1617 898 1884 952 ⁴llusyrcm'us
1904 898 2091 950 fortasse
2120 903 2223 936 recte
2252 911 2306 947 γε
2335 897 2500 950 scripsit
2524 911 2605 952 pro
2627 898 2718 951 γῆς.

261 968 357 1013 Hoc
386 968 558 1024 quidem
588 974 631 1013 et
659 970 754 1026 ipse
784 970 1131 1026 existimaverim,
1164 971 1241 1014 sed
1270 986 1353 1014 non
1384 972 1519 1014 solum
1551 988 1596 1025 γε
1627 971 1697 1013 vel
1718 969 1765 1012 ἐκ
1788 970 2024 1025 Sophocles
2051 969 2156 1011 mihi
2183 969 2409 1024 scripsisse
2429 968 2609 1024 videtur,
2640 969 2719 1012 sed

262 1048 487 1098 utrumque
517 1038 559 1097 γ’
591 1042 659 1093 ἑκ,
691 1044 875 1100 primum
905 1044 1017 1099 quod
1046 1045 1181 1088 verba
1211 1041 1252 1099 y'
1287 1043 1335 1087 ἐκ
1365 1045 1542 1101 propius
1572 1044 1779 1087 accedunt
1811 1043 1867 1086 ad
1896 1044 2045 1086 literas
2075 1042 2258 1086 nominis
2289 1044 2389 1098 γῆς,
2419 1041 2574 1085 deinde
2602 1042 2716 1097 quod

263 1115 500 1172 Sophocles
528 1131 568 1160 v.
598 1118 653 1160 36
684 1117 724 1160 h.
754 1118 780 1160 f.
812 1118 942 1161 etiam
969 1119 1178 1162 viatorem
1207 1119 1328 1161 illum
1348 1119 1537 1161 Atticum
1560 1117 1606 1160 ἐκ
1637 1113 1758 1172 τῆςδ’
1791 1117 1926 1170 ἕδρας
1955 1114 2106 1167 ἔξελθ’
2139 1115 2352 1158 dicentem
2381 1115 2492 1158 fecit.
2512 1140 2567 1145 —
2588 1117 2714 1158 Prae-

262 1193 383 1232 terea
411 1189 589 1232 multum
619 1189 902 1246 disceptatum
934 1195 999 1235 est
1027 1190 1080 1234 de
1111 1189 1235 1242 ὥστε,
1268 1190 1382 1246 quod
1413 1191 1467 1234 ab
1496 1191 1740 1234 Hermanno
1771 1190 2004 1244 defensum,
2037 1189 2091 1232 ab
2113 1187 2318 1243 Elmslej0
2348 1187 2391 1231 in
2423 1186 2483 1238 ὠς
2511 1193 2718 1232 mutatum

264 1266 342 1305 est.
397 1263 667 1318 Quamquam
710 1263 968 1307 recentiores
1012 1264 1196 1308 editores
1240 1278 1388 1308 omnes
1425 1268 1472 1307 ut
1501 1263 1745 1319 Nauckius,
1791 1263 2060 1317 Dindorfius,
2106 1261 2347 1305 Meinekius
2387 1275 2482 1304 cum
2511 1261 2717 1316 Elmslej0

263 1334 446 1390 faciunt,
478 1341 622 1379 tamen
655 1350 794 1391 neque
823 1336 902 1380 hos
933 1351 1072 1392 neque
1101 1337 1201 1381 olim
1231 1337 1544 1392 Hermannum,
1578 1337 1679 1391 quid
1708 1336 1788 1380 hoc
1816 1337 1908 1379 loco
1941 1335 2175 1391 Sophocles
2206 1334 2447 1391 scripserit„
2479 1340 2591 1377 recte
2620 1348 2715 1390 per-

264 1408 461 1465 spexisse
489 1408 681 1453 arbitror.
741 1410 872 1463 Nam,
913 1409 958 1453 id
995 1410 1109 1465 quod
1144 1410 1317 1454 minime
1353 1409 1539 1454 dubitari
1577 1414 1739 1465 potest,
1783 1410 1856 1453 vix
1891 1409 2021 1452 alium
2050 1410 2189 1453 locum
2218 1409 2411 1452 invenire
2441 1407 2604 1462 licebit,
2648 1408 2715 1451 cui

263 1494 497 1537 pronomen
537 1479 638 1524 ὅστε
677 1483 1036 1526 accommodatior
1074 1483 1150 1538 sit,
1194 1497 1321 1539 quam
1359 1482 1467 1526 huic.
1537 1483 1629 1526 Hoc
1667 1483 1798 1538 igitur
1836 1482 2104 1526 scribendum
2134 1495 2230 1525 esse
2268 1495 2435 1525 censeo.
2494 1480 2717 1536 Significat

263 1568 366 1597 vero
397 1553 499 1596 ὅστε
528 1556 678 1611 quippe
708 1556 788 1609 qui,
819 1564 862 1596 ut
892 1558 973 1610 qui,
1001 1558 1073 1611 qui
1095 1559 1267 1612 quidem,
1300 1570 1410 1610 quae
1439 1557 1631 1599 notiones
1662 1557 1837 1611 egregie
1866 1556 1921 1597 ab
1952 1554 2134 1598 Ellendt.
2166 1555 2250 1597 lex.
2282 1555 2409 1610 Soph.
2441 1567 2474 1596 s.
2505 1553 2545 1595 h.
2576 1568 2613 1596 v.
2645 1567 2715 1596 ex-

264 1627 433 1684 positae
472 1631 581 1670 sunt.
639 1627 794 1671 Nullae
832 1641 934 1672 vero
959 1629 1107 1683 justae
1136 1634 1308 1673 exstant
1334 1643 1512 1684 causae,
1541 1630 1593 1672 ob
1624 1643 1731 1683 quas
1761 1643 1789 1671 a
1818 1628 2029 1683 Sophocle
2059 1628 2101 1670 in
2139 1628 2341 1670 trimetris
2372 1628 2452 1670 hoc
2483 1641 2715 1682 pronomen

264 1700 571 1757 abjudicemus,
603 1714 732 1755 quum
766 1706 880 1745 certe
913 1701 1076 1757 aliquot
1106 1703 1211 1747 locis
1242 1702 1436 1746 iambicis
1468 1702 1718 1746 exhibeatur
1748 1701 1965 1745 codicibus
1995 1716 2122 1744 manu
2150 1701 2334 1756 scriptis.

936 1776 984 1818 V.
1021 1777 1098 1818 149
1269 1774 1298 1818 ἒ
1318 1775 1347 1819 ἒ
1371 1774 1520 1819 ἀλαῶν
1547 1773 1756 1829 ὀμμάτων

1157 1843 1243 1905 ἆρα
1272 1848 1349 1892 καὶ
1376 1842 1498 1905 ἦσθα
1528 1844 1780 1906 φυτάλμιος
1812 1845 2002 1899 degerim

1154 1921 1386 1977 μακραίων
1413 1920 1475 1965 τὲ
1502 1918 1554 1964 θ’
1588 1918 1659 1971 ὥς
1691 1920 2020 1964 ἐπεικάσαι.

377 1992 434 2035 Ηί
473 2005 623 2036 versus
664 1993 746 2048 ita,
784 1997 830 2036 ut
872 2008 1002 2050 supra
1041 1994 1188 2050 scripti
1229 1998 1350 2050 sunt,
1389 1993 1480 2037 cod.
1506 1993 1632 2036 Laur.
1659 1994 1698 2036 A
1726 1993 1991 2037 exhibentur.
2049 1994 2186 2037 Nemo
2216 2008 2318 2037 vero
2357 2007 2491 2047 usque
2519 1994 2576 2036 ad
2603 1995 2713 2037 hunc

264 2065 378 2109 diem
412 2077 486 2109 eos
521 2069 635 2109 recte
677 2065 964 2110 construxisse
1004 2065 1183 2111 videtur.
1242 2065 1499 2111 Observavit
1539 2065 1810 2110 Hermannus
1850 2066 1894 2110 in
1923 2067 2234 2122 antiquioribus
2267 2066 2522 2111 editionibus
2551 2068 2713 2111 nullam

264 2138 436 2184 omnino
480 2137 663 2184 inveniri
706 2137 855 2183 horum
896 2152 1095 2185 versuum
1140 2138 1534 2196 interpunctionem.
1591 2137 1712 2184 Idem
1756 2139 1886 2185 refert
1928 2141 1972 2184 in
2013 2139 2270 2185 editionibus
2291 2132 2571 2185 ‘Triclinianis
2611 2147 2712 2185 ante

265 2210 454 2262 δεραίων
482 2211 867 2270 interpunctionem
902 2225 1009 2258 esse.
1067 2213 1170 2258 Post
1200 2212 1311 2258 hanc
1331 2209 1522 2258 Triclinii
1550 2212 1935 2269 interpunctionem
1965 2213 2251 2259 dubitationes
2279 2214 2463 2258 virorum
2491 2212 2711 2258 doctorum

263 2284 318 2329 de
354 2284 503 2328 horum
540 2298 740 2330 versuum
779 2286 1156 2332 construendorum
1198 2286 1362 2331 ratione
1402 2300 1487 2331 non
1523 2285 1719 2331 sublatae
1755 2291 1864 2331 sunt.
1925 2286 2007 2330 Vix
2044 2301 2201 2343 operae
2240 2286 2422 2342 pretium
2461 2293 2525 2331 est
2561 2301 2711 2332 omnes

264 2371 513 2401 enumerare
541 2358 709 2414 modos,
739 2359 892 2413 quibus
921 2359 1176 2415 interpretes
1206 2359 1313 2402 haec
1343 2359 1476 2402 verba
1504 2359 1574 2402 vel
1597 2358 1833 2413 junxerunt
1862 2360 1930 2402 vel
1961 2365 2278 2416 separaverunt.
2337 2359 2578 2402 Secundum
2604 2361 2711 2404 Her-

264 2445 465 2473 mannum
495 2445 646 2474 sensus
673 2432 797 2474 huius
829 2434 911 2475 loci
941 2434 1010 2475 hic
1039 2439 1126 2476 est:
1154 2442 1325 2475 natusne
1357 2449 1398 2475 es
1427 2433 1596 2474 caecus?
1613 2434 1708 2486 jam
1734 2435 1804 2474 dia
1836 2441 1957 2483 certe,
1988 2442 2031 2474 ut
2059 2435 2228 2483 videtur,
2258 2448 2373 2474 cares
2403 2435 2610 2475 oculorum
2643 2435 2709 2475 ln-

264 2507 382 2548 mine.
436 2503 700 2557 Dindorfius,
737 2505 804 2546 cui
833 2506 1077 2548 Meinekius
1108 2506 1359 2559 assentitur,
1400 2505 1550 2547 Corais
1579 2505 1739 2547 monitu
1769 2511 1866 2559 post
1896 2502 2106 2559 ὀμμάτων
2133 2511 2355 2562 punctum,
2394 2510 2491 2561 post
2521 2506 2712 2556 δυςαίων

263 2576 556 2633 interrogandi
585 2577 765 2633 signum,
795 2582 894 2634 post
921 2576 1158 2632 μακραίων
1185 2576 1245 2635 γ’,
1276 2577 1389 2633 quod
1410 2577 1482 2620 ille
1512 2577 1696 2634 scripsit,
1724 2592 1898 2634 comma,
1928 2583 2026 2634 post
2048 2577 2285 2621 ἐπεικάσαι
2313 2585 2517 2634 punctum
2556 2580 2710 2636 posuit.

262 2651 495 2695 Videamus
532 2650 635 2707 ipsi,
674 2651 776 2706 quid
803 2651 857 2695 de
886 2651 965 2695 hoc
992 2652 1085 2696 loco
1118 2653 1275 2709 injuria
1301 2657 1457 2694 vexato
1487 2652 1759 2694 statuendum
1797 2653 1863 2695 sit.
1920 2653 2133 2704 Quantum
2170 2652 2292 2696 nobis
2322 2653 2568 2709 perspicere
2599 2654 2712 2711 licet,

263 2726 369 2769 nihil
399 2725 551 2768 chorus
581 2724 722 2768 dicere
752 2726 903 2780 voluit,
933 2726 1015 2768 nisi
1046 2726 1279 2781 Oedipum,
1309 2732 1512 2780 quantum
1544 2727 1626 2767 sibi
1655 2727 1826 2780 quidem
1857 2727 2066 2779 conjicere
2094 2726 2262 2780 liceret,
2298 2727 2397 2768 in'de
2425 2727 2481 2769 ab
2510 2733 2605 2770 ortu
2635 2743 2713 2784 per

263 2804 398 2843 totam
426 2798 560 2842 vitam
588 2812 761 2842 caecum
788 2799 922 2842 fuisse
951 2798 1098 2842 videri.
1156 2800 1276 2842 Haec
1304 2799 1518 2841 sententia
1547 2799 1638 2841 sine
1666 2800 1755 2841 ulla
1785 2800 2033 2841 difficultate
2072 2799 2115 2840 in
2148 2799 2234 2842 illis
2273 2800 2495 2856 versibus,
2536 2802 2589 2845 de
2619 2804 2710 2858 qui-

262 2874 343 2916 bus
363 2872 645 2928 disputamus,
666 2872 843 2927 reperiri
858 2878 1010 2927 potest,
1031 2873 1068 2915 si
1084 2873 1208 2916 modo
1225 2885 1438 2926 cavemus,
1459 2886 1513 2914 ne
1534 2886 1855 2926 supervacanea
1876 2872 2216 2926 interpunctione
2237 2873 2433 2916 adhibita
2452 2876 2567 2916 viam
2590 2877 2711 2919 nobis

263 2945 348 3003 ipsi
374 2944 712 3001 praecludamus.
761 2945 1012 2989 Habuerunt
1041 2959 1143 2989 vero
1172 2946 1424 3000 interpretes
1454 2946 1614 2988 nullam
1643 2945 1791 2987 harum
1823 2959 1961 2987 rerum
1989 2946 2208 2988 rationem.
2258 2947 2446 2989 Primum
2474 2949 2587 2989 enim
2616 2963 2711 3004 par-

262 3018 421 3062 ticulae
452 3015 603 3059 καί-
625 3033 669 3060 vze
699 3017 761 3061 ita
790 3018 871 3061 sibi
901 3017 981 3061 hoc
1008 3019 1101 3061 loco
1130 3018 1399 3073 respondent,
1430 3022 1476 3060 ut
1505 3016 1619 3072 apud
1648 3031 1725 3060 nos
1757 3019 1897 3059 theuso
1917 3043 1972 3048 —
1999 3021 2083 3061 wie.
2133 3019 2302 3061 Deinde
2324 3021 2541 3074 genitivus
2564 3018 2712 3062 (ἐλαῶν

264 3088 475 3143 (ἰαμάτων
503 3103 641 3144 neque
671 3090 941 3133 exclamandi
965 3090 1180 3134 notionem
1212 3090 1340 3133 habet
1368 3104 1506 3145 neque
1532 3089 1586 3132 ab
1607 3089 1821 3143 adjectivo
1845 3089 2094 3144 ιμ-τάλμιος
2113 3093 2285 3147 pendet,
2315 3093 2391 3135 sed
2411 3095 2540 3147 plane
2563 3095 2711 3136 eodem

262 3162 402 3219 modo,
432 3175 514 3217 quo
546 3162 662 3218 apud
691 3163 799 3206 Plat.
821 3162 980 3206 Phaed.
1010 3178 1050 3219 p.
1071 3162 1126 3206 58
1156 3163 1205 3206 E.
1234 3162 1291 3206 ad
1317 3158 1537 3216 εὗόαίμων
1565 3161 1745 3216 genitivi
1778 3165 1851 3204 ιοῦ
1882 3162 2054 3217 τρόπου
2083 3171 2126 3208 et
2158 3167 2240 3207 τῶν
2271 3163 2409 3218 λόγων
2435 3165 2571 3208 additi
2600 3172 2710 3220 sunt,

263 3235 317 3279 de
347 3249 433 3290 qua
460 3235 772 3279 constructione
801 3235 909 3280 conf.
937 3235 1172 3280 Bernhard.
1202 3239 1314 3292 synt.
1340 3248 1401 3290 gr.
1429 3248 1470 3291 p.
1503 3234 1606 3290 171,
1643 3234 1859 3290 adjectivo
1897 3235 2088 3288 δυςαίων
2129 3237 2310 3292 rcgitur;
2350 3236 2540 3288 δυςαίων
2567 3243 2712 3282 autem

262 3320 438 3364 prorsus
477 3307 733 3353 contrarium
772 3313 838 3353 est
867 3308 1081 3365 adjectivo
1113 3306 1336 3363 εὐδαίμων
1361 3320 1500 3363 neque
1530 3307 1717 3352 dubitari
1745 3314 1907 3366 potest,
1953 3309 2055 3365 quin
2084 3310 2213 3354 etiam
2244 3310 2478 3367 Sophocles
2507 3310 2586 3355 hoc
2616 3312 2709 3356 loco

264 3380 513 3437 δι-ςόαίμων
548 3381 782 3439 scripturus
822 3381 969 3438 fuerit,
1010 3382 1047 3427 si
1085 3381 1138 3426 ob
1174 3385 1351 3425 metrum
1382 3381 1541 3425 liceret.
1598 3382 1707 3426 Tum
1736 3383 1972 3439 particulae
2008 3378 2095 3437 ἆρα
2136 3383 2412 3427 concludendi
2451 3383 2712 3440 significatio
