2972 3773
1441 129 1505 177 20

242 263 446 307 timentes
498 260 665 319 τήνδε
709 258 754 317 γ’
799 256 852 305 εὖ
897 259 1143 327 σχήσεις.
1219 262 1343 305 Dixit
1385 275 1487 305 vero
1530 264 1625 320 ipse
1669 263 1862 307 Theseus
1905 277 1946 306 v.
1981 262 2091 306 1764
2121 275 2185 318 sq.
2220 261 2299 307 καὶ
2337 264 2479 307 ταῦτά
2515 262 2573 320 ’μ’
2620 264 2707 325 ἔφη

246 332 509 392 πράσσοντα
539 334 688 384 καλῶς
710 332 861 389 χώραν
888 332 1004 385 ἕξειν
1033 331 1131 378 αἰὲν
1161 328 1347 377 ἄλυπον.
1397 335 1505 378 Cum
1534 335 1717 379 lectione
1745 349 1774 378 a
1801 336 1926 380 nobis
1954 335 2154 380 restituta
2181 335 2343 392 optime
2371 337 2568 391 congruit
2586 352 2712 396 prae-

249 409 408 466 positio
433 404 540 453 ἇπό.
596 407 775 450 Vertere
803 411 949 450 autem
976 406 1077 450 licet
1106 407 1353 463 germanice
1381 407 1495 451 hunc
1521 409 1681 452 locum·
1717 410 1807 451 und
1843 422 1890 452 so
1926 412 2047 453 wirst
2075 411 2134 452 du
2165 410 2283 452 leicm
2313 412 2355 459 (ε
2365 402 2424 464 ὗ)
2440 399 2569 453 ἀοίηό
2588 411 2710 456 Stude

245 496 326 525 vor
363 483 441 524 den
479 481 554 522 der
579 479 880 522 Brachmsaat
918 488 1236 534 entsprossenen
1272 481 1486 524 Miinnern
1522 485 1761 525 unzerstort
1797 483 1994 525 erhalten.
2088 481 2258 526 Novum
2301 480 2394 537 jam
2446 480 2544 525 hinc
2591 484 2710 528 nacti

245 568 391 599 sumus
421 553 665 608 exemplum
693 552 919 608 depravati
948 552 1142 596 adverbii
1172 548 1239 597 ευ.

806 626 858 669 V.
890 625 999 669 1632
1055 623 1135 676 δός
1162 641 1242 680 μοι
1269 625 1399 681 χερὸς
1423 629 1505 683 σῆς
1533 625 1686 671 πίστιν
1714 622 1958 683 ἀρχαίαν
1976 626 2148 678 τέκνοις

1057 694 1189 753 ὑμεῖς
1217 714 1278 750 τε,
1309 699 1483 752 παῖδες,
1514 699 1644 757 τῷδε.

360 775 633 818 Hermannus
673 772 829 817 πίστιν
857 768 1050 827 ἀρχαίαν
1087 772 1296 828 explicat,
1336 787 1441 827 quae
1478 776 1602 829 firma
1630 782 1819 825 maneat,
1849 775 1950 817 olim
1976 776 2154 828 antiqua
2185 775 2346 828 sutura.
2407 773 2464 816 At
2493 773 2588 829 quis
2618 788 2708 817 um-

245 863 375 904 quam
404 847 486 892 hoc
516 847 782 903 adjectivum
811 845 873 890 sic
902 846 1040 903 possit
1069 845 1278 890 reddere?
1328 846 1459 891 Fides
1487 847 1644 890 Thesei
1673 852 1868 902 auttum,
1899 861 2028 902 quum
2047 846 2239 902 Oedipus
2260 847 2515 904 loqueretur,
2543 844 2708 902 ἀρχαία

239 923 334 979 jam
363 926 459 965 erat
478 926 554 964 aut
573 933 818 976 numquam.
865 920 981 962 Num
1001 933 1047 962 re
1067 934 1172 963 vera
1191 919 1384 977 Oedipus
1414 918 1468 962 de
1501 920 1679 976 antiqua
1706 919 1791 964 fide
1811 920 1981 976 Thesei,
2010 933 2139 976 quum
2161 933 2257 964 eam
2275 921 2517 977 nuperrime
2537 912 2709 965 demum

244 1000 449 1052 expertus
480 999 609 1050 esset,
640 992 810 1037 omnino
837 992 980 1036 dicere
1009 994 1207 1050 poterat?
1266 993 1359 1037 Hoc
1379 994 1602 1038 Nauckius
1632 994 1802 1038 videtur
1828 994 2107 1050 intellexisse,
2138 993 2212 1050 qui
2240 988 2432 1049 α’ρχαίαν
2461 999 2705 1050 corruptum

244 1081 342 1112 esse
387 1081 466 1124 pro
497 1067 735 1111 certissimo
765 1066 907 1108 habet.
965 1066 1208 1109 Mirandum
1245 1066 1376 1122 igitur
1413 1072 1500 1122 est,
1538 1067 1652 1122 quod
1680 1067 1924 1110 Meinekius
1953 1079 2100 1110 rursus
2129 1066 2253 1109 istius
2279 1065 2485 1119 adjectivi
2513 1066 2704 1122 suscepit

243 1141 540 1197 patrocinium,
571 1141 753 1184 lectores
784 1138 841 1182 ad
871 1138 936 1181 ed.
967 1152 1070 1182 suae
1101 1138 1352 1182 callimach.
1382 1152 1423 1194 p.
1461 1139 1542 1182 136
1572 1139 1783 1194 relegans,
1814 1152 1943 1193 quam
1968 1139 2072 1182 mihi
2100 1151 2185 1182 non
2213 1138 2333 1182 licuit
2362 1138 2588 1195 inspicere.
2645 1139 2704 1182 At

243 1214 324 1257 hoc
352 1227 521 1269 quoque
552 1213 646 1257 loco
675 1212 917 1268 corruptela
945 1212 1040 1256 luce
1070 1212 1292 1255 restitutae
1323 1211 1518 1255 lectionis
1547 1212 1795 1267 adfulgente
1830 1212 2031 1256 facillime
2061 1212 2341 1267 cognoscitur.
2413 1212 2549 1255 Facili
2589 1212 2704 1255 enim

245 1300 385 1330 errore
415 1273 605 1343 ἀρχαίαν
633 1290 771 1329 ortum
800 1290 866 1328 est
898 1299 953 1328 ex
983 1282 1184 1340 ἰσχυράν,
1224 1299 1307 1340 quo
1337 1285 1480 1341 aptius
1511 1285 1731 1342 epitheton
1763 1285 1819 1329 ad
1854 1283 2006 1329 πίστιν
2035 1285 2249 1329 neminem
2277 1298 2480 1339 umquam
2510 1285 2704 1328 inventu·

244 1375 338 1403 rum
364 1373 461 1403 esse
489 1359 593 1401 mihi
624 1358 796 1413 quidem
825 1364 892 1401 est
920 1358 1214 1401 certissimum.
