2972 3773
1506 142 1535 186 6

288 275 414 331 inest,
444 287 555 330 quae
582 273 725 318 verbis
755 269 817 324 ὡς
847 269 1086 316 ἐπεικάσαι
1114 273 1222 318 satis
1253 278 1403 330 aperte
1429 274 1653 318 indicatur.
1699 275 1922 318 Postremo
1943 273 2161 329 adjectiva
2184 271 2434 328 φυτάλμιος
2455 279 2498 318 31
2516 272 2752 328 μακραίων

289 346 373 391 81111
401 346 465 390 ita
492 345 692 403 opposita
721 349 831 397 sunt,
863 348 911 388 ut
939 357 1094 389 revera
1121 345 1230 390 illud
1258 346 1474 391 notionem
1504 347 1675 404 habeat,
1707 360 1836 402 quam
1867 345 2120 391 scholiastes
2146 345 2291 402 affert,
2322 340 2414 390 ἀπὸ
2445 343 2629 404 φύτλης,
2660 343 2752 390 άπὸ

289 421 509 474 γενέσεως,
540 418 772 474 μακραίων
804 422 950 461 31113111
979 431 1129 462 83113111
1158 419 1384 475 significet.
1434 419 1542 463 Sunt
1572 421 1685 464 enim
1715 419 1935 477 adjectiva
1959 418 2177 476 temporis,
2207 431 2386 474 quorum
2414 419 2508 464 loco
2536 418 2658 482 nobis
2677 418 2752 462 ad·

255 508 259 511 ·
288 491 437 536 verbia
464 492 510 534 in
538 504 618 535 11811
647 495 759 536 811111.
800 490 924 535 Dixit
950 491 1082 548 igitur
1112 491 1346 548 Sophocles
1373 493 1502 537 haec:
1534 496 1583 537 ob
1614 509 1752 536 caecos
1780 495 1906 549 iqitur
1935 494 2069 535 oculos
2098 501 2143 535 ut
2170 494 2222 535 ab
2251 500 2357 548 ortu,
2389 494 2448 535 εἰσ
2474 494 2608 536 adhuc
2631 507 2752 534 aenea:

290 568 433 622 z'rqfelioe
463 568 746 621 es,'quantum
777 566 976 621 conjicere
1003 566 1104 608 licet.
1158 565 1256 608 Jam
1288 570 1445 622 restat,
1480 570 1526 609 ut
1562 566 1764 610 mendum
1804 565 1978 621 aliquod
2006 564 2204 609 lectionis
2234 565 2288 609 ob
2315 566 2536 610 metricam
2565 564 2750 609 necessi·

290 643 424 681 tatem
451 637 666 681 tollamus.
725 638 1005 694 Perspicuum
1034 637 1149 680 enim
1176 643 1243 681 est
1272 652 1357 681 non
1388 639 1525 681 solum
1554 639 1603 680 τέ
1630 634 1684 681 θ’
1716 639 1760 681 111
1790 634 1832 681 τ’
1866 634 1942 682 ἔθ’
1972 637 2254 682 111111113111111111
2292 651 2401 690 3883,
2437 638 2552 695 quod
2574 639 2668 695 jam
2695 638 2752 681 ab

289 711 385 755 aliis
425 710 588 753 factum
627 715 712 768 est,
763 711 841 755 sed
871 711 1021 767 etiam,
1065 724 1195 766 quum
1232 710 1464 768 insequens
1494 711 1556 762 ὡς
1585 712 1764 756 Βο1111118
1793 717 1909 756 recte
1937 712 1981 756 in
2010 707 2080 756 c‘io'
2110 710 2359 768 mutaverit,
2401 726 2480 769 pro
2511 711 2753 756 ἐπεικάσαι

287 786 390 841 poni
417 785 575 828 debere
606 782 799 836 εἰκάσαι,
832 784 946 839 quod
976 785 1117 840 ipsum
1147 785 1325 827 verbum
1346 784 1548 841 Sophocli
1577 785 1905 829 usitatissimum
1935 790 2013 830 est.
2061 785 2209 829 Scribo
2238 784 2371 840 igitur
2389 790 2607 841 postrema
2625 784 2751 828 huius

287 858 371 902 loci
398 859 533 901 verba
563 857 646 901 sic:
679 856 911 912 μακραίων
940 852 983 899 τ)
1016 853 1091 898 ἔθ’
1124 853 1199 899 ὅσ’
1232 855 1423 901 εἰκάσαι.
1479 859 1545 901 Ι)3
1577 856 1606 900 ἒ
1631 857 1659 901 ἒ
1682 858 1790 901 1111111
1824 857 1962 903 3111130
1992 872 2069 916 pro
2105 858 2328 915 explorato
2358 871 2609 915 proponere.

874 964 925 1007 V.
956 964 1038 1007 277
1099 962 1174 1007 καὶ
1202 963 1263 1023 μη
1295 964 1433 1016 θεοὺς
1461 967 1673 1021 τιμῶντες
1700 960 1794 1009 εἶτα
1825 963 1927 1016 τοὺς
1957 963 2094 1016 θεοὺς

1099 1035 1328 1091 μοίραις
1356 1042 1569 1081 ποιεῖσθε
1599 1038 1829 1095 μηδαμῶς.

401 1130 452 1171 In
482 1127 750 1171 substantivo
779 1125 985 1181 μοίραις,
1027 1127 1141 1182 quod
1177 1127 1307 1171 etiam
1337 1128 1465 1171 Laur.
1495 1129 1532 1170 A
1564 1128 1759 1184 exhibet,
1798 1129 1897 1184 jure
1924 1127 2190 1171 offenderunt
2220 1127 2487 1184 interpretes.
2545 1127 2750 1172 Nonnulli

286 1206 464 1257 μοῖραν,
497 1213 608 1255 quae
638 1206 705 1244 est
736 1200 951 1256 scriptura
978 1200 1180 1243 librorum
1211 1200 1589 1257 Triclinianorum,
1620 1206 1928 1245 revocaverunt
1958 1206 2190 1256 praeeunte
2222 1200 2464 1245 Schaefero.
2523 1201 2749 1256 Reisigius,

287 1289 417 1331 quum
446 1273 490 1316 in
517 1273 684 1316 duobus
714 1272 932 1316 codicibus
961 1273 1125 1327 μοίρας
1153 1277 1314 1329 exstet,
1352 1273 1453 1324 τοὺς
1492 1273 1629 1325 θεοὺς
1669 1272 1832 1329 μοίρας
1872 1277 2085 1317 ποιεῖσθε
2124 1273 2343 1329 μηδαμῶς
2378 1274 2563 1317 scribere
2603 1273 2747 1328 voluit,

286 1346 449 1402 μοίρας
486 1360 565 1403 pro
599 1344 791 1401 genitivo
829 1345 1059 1401 accipiens.
1118 1346 1392 1389 Hermannus
1432 1346 1710 1390 Schaeferum
1749 1352 1919 1390 secutus
1952 1351 2029 1390 cst.
2097 1345 2344 1389 Dindorfius
2385 1345 2523 1404 μοίρᾳ
2553 1346 2749 1401 correxit,

286 1433 545 1476 quamquam
576 1419 633 1462 ad
662 1432 769 1474 quos
795 1423 1119 1474 provocaverat,
1150 1419 1394 1463 Herodotus
1425 1420 1482 1475 II,
1515 1420 1597 1463 172
1623 1420 1666 1463 in
1696 1420 1839 1463 verbis
1870 1417 1916 1463 ἐν
1946 1417 2129 1477 οὖδεμίῃ
2159 1416 2295 1476 μοίρῃ
2325 1416 2494 1477 μεγάλῃ
2523 1419 2748 1475 318011110-

286 1495 374 1538 cles
403 1493 512 1537 Phil.
544 1507 583 1536 v.
613 1493 698 1534 498
728 1491 772 1534 111
801 1484 945 1534 verbis
976 1490 1021 1533 ἐν
1051 1491 1222 1549 σμίκρῳ
1242 1493 1366 1547 μέρει
1391 1493 1755 1549 praepositionem
1778 1492 1822 1534 ἐν
1842 1492 1900 1535 311
1919 1495 2158 1535 ποιεῖσθαι
2176 1491 2444 1535 311111113111111.
2491 1493 2747 1547 Meinekius,

285 1568 358 1623 qui
373 1580 549 1624 prorsus
565 1565 774 1609 laudabili
794 1564 920 1608 modo
936 1564 1148 1608 Dindorfii
1165 1566 1455 1622 conjecturam
1471 1567 1800 1623 improbaverat,
1816 1565 2089 1609 nihilominus
2109 1565 2372 1609 Brunckium
2387 1570 2560 1610 secutus
2576 1571 2654 1621 est,
2675 1566 2748 1620 qui

278 1643 398 1697 justo
436 1640 644 1683 audacius
682 1635 776 1682 εἶτα
817 1641 905 1680 τιῦν
941 1641 1063 1681 θεῶν
1093 1637 1257 1693 μοίραν
1289 1642 1502 1683 ποιεῖσθε
1533 1641 1751 1697 μηδαμῶς
1780 1644 2032 1682 mutaverat.
2086 1639 2221 1682 Multo
2249 1639 2405 1683 rectius
2434 1639 2657 1683 Nauckius
2686 1653 2747 1682 re-

279 1714 411 1771 jectis
439 1714 622 1757 aliorum
649 1712 908 1767 conjecturis
940 1712 1022 1754 huc
1049 1725 1184 1766 usque
1214 1712 1394 1767 prolatis
1424 1711 1624 1767 μαύροις
1656 1713 1851 1769 conjecit,
1883 1712 1997 1767 quod
2025 1712 2293 1766 sequentium
2313 1725 2514 1755 versuum
2534 1712 2748 1755 sentcntia

285 1788 515 1832 videbatur
543 1785 788 1829 sustentari.
837 1784 895 1826 At
921 1799 1006 1827 non
1037 1783 1258 1827 caecitatis
1289 1784 1405 1828 notio
1433 1785 1502 1828 hic
1531 1785 1770 1841 requiritur,
1802 1799 2060 1840 quamquam
2089 1784 2262 1828 tolerari
2291 1789 2446 1840 potest,
2476 1784 2554 1827 sed
2582 1790 2748 1828 contra-

283 1861 349 1903 ria
386 1860 612 1903 verborum
651 1857 788 1907 θεοὺς
822 1859 1047 1908 τιμῶντες.
1114 1856 1226 1898 Ν3111
1264 1856 1456 1914 Oedipus
1490 1857 1657 1902 Atticos
1693 1858 1808 1902 cives
1846 1858 2081 1901 moniturus
2122 1861 2210 1913 est,
2254 1871 2308 1900 ne
2346 1856 2390 1900 in
2431 1857 2517 1900 alia
2555 1871 2599 1900 re
2629 1857 2747 1900 Deos

282 1933 512 1989 honorent,
548 1933 593 1975 in
630 1931 719 1973 alia
749 1934 1034 1974 contemnant.
1098 1929 1241 1982 Quare
1280 1929 1397 1973 facili
1430 1929 1664 1975 mutatione
1691 1930 1808 1974 facta
1833 1928 2028 1986 μείους
2063 1944 2140 1986 pro
2169 1928 2348 1985 μοίραις
2378 1930 2633 1987 scripserim.
2688 1929 2749 1974 Ut

283 2005 421 2058 θεοὺς
448 2008 581 2061 τιμᾶν
608 2005 728 2049 Deos
756 2003 905 2059 magni
934 2002 1090 2058 facere,
1120 2003 1183 2045 sic
1217 2002 1357 2053 θεοὺς
1383 2003 1536 2055 μείους
1561 2008 1803 2047 ποιεῖσθαι
1836 2008 1901 2047 381
1931 2004 2048 2046 Deos
2078 2002 2252 2046 minoris
2281 2002 2437 2047 facere.
2523 2004 2614 2046 Nos
2645 2003 2748 2046 dici-

283 2093 378 2123 mus
410 2079 684 2133 verkleiner-n,
714 2077 986 2119 herabsetzen.
1047 2074 1228 2118 Accedit
1256 2076 1386 2131 igitur
1414 2077 1646 2125 sententia,
1682 2077 1726 2120 in
1759 2091 1845 2131 qua
1875 2078 2122 2133 conjectura
2150 2090 2244 2120 mea
2274 2076 2441 2132 nititur,
2472 2076 2665 2133 proxime
2688 2076 2746 2119 ad

282 2166 391 2208 eam,
422 2165 534 2207 quae
565 2165 593 2195 a
612 2150 826 2208 prioribus
848 2149 1007 2192 criticis
1027 2149 1312 2204 quaerebatur
1337 2150 1720 2194 constructionibus
1748 2150 1921 2193 minime
1961 2150 2143 2205 graecis.
2186 2150 2294 2193 Cum
2321 2147 2477 2203 μείους
2506 2153 2746 2194 ποιεῖσθαι

283 2237 534 2282 comparare
562 2225 665 2268 licet
691 2223 826 2268 verba
853 2236 894 2266 v.
926 2222 1008 2265 957
1040 2221 1080 2264 h.
1102 2222 1130 2267 f.
1164 2221 1326 2279 ἐρημία
1353 2239 1411 2275 με
1438 2223 1624 2280 σμικρὸν
1653 2220 1822 2281 τίθησι,
1863 2223 1968 2268 Oed.
1997 2224 2102 2279 Reg.
2133 2238 2173 2267 v.
2204 2223 2313 2266 1083
2341 2221 2477 2280 μῆνές
2501 2239 2558 2276 με
2586 2221 2746 2276 μικρὸν

281 2299 358 2343 καὶ
385 2299 524 2355 μέγαν
555 2295 784 2353 διώρισαν,
810 2295 956 2351 Antig.
988 2309 1028 2339 v.
1059 2294 1112 2339 78
1144 2293 1228 2351 ἐγώ
1258 2294 1339 2350 μὲν
1370 2292 1448 2339 οὐκ
1480 2292 1618 2352 δι’τιμα
1649 2299 1873 2351 ποιοῦμαι
1893 2299 1940 2349 ¹).

898 2403 949 2448 V.
978 2402 1063 2446 306
1570 2402 1707 2447 ὥστε
1733 2402 1818 2447 κεί
1845 2403 2052 2459 βραδὺς

1123 2475 1216 2518 εῧδ
1227 2491 1277 2518 ει
1308 2471 1451 2519 κλύων
1481 2477 1561 2520 σοῦ
1593 2473 1711 2532 δεῦρ’
1744 2472 1953 2533 ἀφίξεται
1985 2476 2131 2529 ταχύς.

397 2563 580 2606 Multum
608 2559 786 2605 vexavit
814 2560 1071 2616 interpretes
1099 2559 1276 2603 verbum
1306 2556 1439 2611 εὕδει,
1468 2559 1584 2614 quod
1611 2560 1655 2603 in
1681 2561 1877 2604 omnibus
1902 2559 2022 2604 libris
2048 2575 2176 2604 manu
2207 2561 2378 2618 scriptis
2407 2561 2575 2616 legitur.
2635 2559 2743 2603 Con-

279 2637 389 2692 331311
409 2635 621 2690 Eldikius,
652 2647 780 2690 quem
797 2632 1024 2676 Nauckius
1053 2633 1258 2688 sequitur,
1286 2646 1415 2687 quum
1443 2633 1632 2677 melioris
1662 2634 1768 2676 nihil
1798 2634 1843 2676 in
1861 2638 2030 2689 promtu
2049 2634 2219 2691 habeat,
2250 2631 2459 2686 σπεύδει,-
2488 2633 2743 2689 Brunckius,

281 2709 657 2764 cui1Hermannus,
688 2707 952 2762 Hartungus,
982 2704 1226 2749 Meinekius
1247 2705 1551 2762 assentiuntur,
1583 2705 1707 2761 ἕρπει
1722 2725 1736 2758 ,·
1769 2707 1987 2750 Seidlerus
2011 2704 2154 2760 ἕρδεις
2180 2708 2383 2751 Reiskius
2402 2703 2529 2748 τᾶλλ’
2552 2702 2602 2763 ᾗ,-
2631 2707 2742 2748 1)03-

282 2778 472 2828 derlinus
503 2779 530 2840 ἢ
560 2779 706 2833 εὕδει,-
745 2778 990 2838 nuperrime
1019 2777 1268 2824 Dindorfius
1298 2777 1426 2836 (conf.
1457 2779 1524 2824 ed.
1554 2779 1615 2823 IV
1644 2780 1805 2824 Teubn.
1835 2795 1876 2836 p.
1904 2779 2138 2836 XXXVII)
2170 2778 2305 2839 γήρᾳ,
2346 2781 2459 2836 quod
2480 2780 2658 2834 ,13111311
2687 2781 2742 2822 H.

280 2856 472 2900 Hirzelio
503 2853 788 2911 approbatum
816 2858 894 2897 est.
952 2851 1078 2898 Solus
1109 2851 1364 2898 Schaeserus
1394 2849 1515 2898 εὕδει
1554 2852 1785 2898 defendere
1824 2858 1890 2898 est
1928 2858 2104 2897 conatus
2136 2854 2425 2910 metaphorice
2454 2853 2613 2896 dictum
2644 2867 2740 2897 3883

282 2935 412 2973 ratus.
447 2927 677 2984 Bergkius,
693 2927 759 2970 vir
774 2927 923 2971 doctus
940 2925 1048 2970 alias
1064 2926 1109 2969 in
1124 2927 1393 2982 conjecturas
1408 2939 1580 2982 pronus,
1596 2927 1713 2970 nullo
1729 2926 1785 2970 ad
1797 2926 1909 2970 hunc
1924 2927 2063 2971 locum
2078 2927 2223 2972 addito
2241 2928 2372 2972 verbo
2387 2927 2600 2981 integram
2614 2926 2738 2970 libro-

377 3077 403 3118 ¹)
427 3075 494 3117 Ea,
518 3084 615 3119 quae
638 3073 687 3107 ad
713 3083 747 3106 v.
775 3077 840 3107 278
865 3072 1003 3115 notavi,
1020 3073 1099 3117 jam
1124 3072 1263 3117 scripta
1286 3076 1413 3117 erant,
1447 3083 1560 3118 quum
1593 3071 1682 3106 mihi
1705 3071 1836 3107 Philol.
1864 3071 1936 3106 vol.
1961 3071 2034 3108 XV
2060 3076 2097 3107 et
2122 3071 2208 3108 edit.
2235 3071 2291 3108 IV
2318 3070 2508 3119 Sophoclis
2530 3069 2739 3108 Nauckiani

280 3131 552 3173 afferebantur,
578 3141 598 3166 e
624 3129 758 3176 quibus
785 3129 889 3165 libris
913 3129 1069 3175 cognovi
1091 3130 1170 3174 jam
1197 3129 1395 3163 Mai-tinum
1421 3129 1460 3163 in
1484 3140 1585 3173 eam,
1611 3140 1722 3175 quam
1750 3130 1829 3174 ipse
1853 3129 2083 3173 inveneram,
2116 3130 2367 3176 conjecturam
2391 3129 2577 3164 incidisse.
2624 3127 2738 3163 Cuius

277 3187 416 3226 mentio
456 3198 570 3235 quum
603 3197 725 3235 neque
761 3197 784 3222 a
809 3185 1001 3222 Dindoifio
1036 3197 1156 3234 neque
1195 3198 1217 3222 a
1252 3184 1439 3222 Meinekio
1473 3184 1573 3222 sacta
1596 3186 1661 3230 sit,
1710 3186 1811 3222 nolui
1843 3197 1962 3222 meam
1997 3187 2042 3222 de
2076 3187 2140 3222 illo
2173 3187 2256 3222 loco
2292 3187 2555 3234 expositionem
2592 3197 2636 3221 ex
2666 3186 2737 3222 hoc

278 3246 405 3281 libello
430 3245 569 3281 tollere.
594 3264 638 3270 —
664 3243 748 3278 Hac
773 3243 965 3279 occasione
989 3242 1116 3279 oblat'a
1138 3243 1246 3278 simul
1271 3243 1480 3279 addiderim
1503 3244 1734 3290 conjecturas
1757 3243 1839 3278 illas
1861 3253 1884 3278 a
1909 3253 1966 3279 me
1994 3243 2031 3278 in
2058 3242 2169 3290 Soph.
2187 3243 2276 3280 Oed.
2294 3243 2388 3291 Reg.
2413 3254 2450 3280 v.
2473 3247 2535 3280 117
2560 3246 2596 3279 et
2618 3255 2651 3279 v.
2669 3247 2737 3281 314

277 3303 409 3349 factas,
434 3302 546 3340 etiam
571 3313 595 3339 a
618 3300 813 3338 Dindorfio
837 3301 1044 3348 propositas
1069 3312 1160 3346 esse,
1184 3302 1288 3337 cuius
1310 3301 1363 3336 rei
1389 3305 1479 3342 tum,
1505 3314 1618 3347 quum
1636 3302 1910 3338 observationes
1936 3301 1973 3335 in
2000 3301 2101 3336 illam
2125 3302 2292 3337 fabulam
2316 3302 2473 3345 ederem,
2510 3301 2650 3336 nullam
2672 3301 2737 3336 ha-

283 3361 370 3397 bere
394 3365 562 3407 poteram
583 3358 832 3406 cognitionem
857 3358 1054 3395 novissima
1079 3358 1262 3395 Dindorfii
1292 3358 1455 3395 editione
1480 3357 1680 3394 Oxoniensi
1704 3357 1825 3393 adhue
1853 3369 1992 3393 3313118.
